
  
  
  
  
  
  
  
  
  
  
  
  
  
 
  
  <record xsi:schemaLocation="http://www.loc.gov/MARC21/slim http://www.loc.gov/standards/marcxml/schema/MARC21slim.xsd">
      <leader>00000cam a22      i 4500</leader>
      <controlfield tag="FMT">BK</controlfield>
      <controlfield tag="LDR">00000cam a22      i 4500</controlfield>
      <controlfield tag="001">005894951</controlfield>
      <controlfield tag="005">20171220121719.0</controlfield>
      <controlfield tag="008">171101s2016    be a     b    001 0 eng d</controlfield>
      <datafield tag="010" ind1=" " ind2=" ">
         <subfield code="a">2016461121</subfield>
      </datafield>
      <datafield tag="020" ind1=" " ind2=" ">
         <subfield code="a">9789042931985</subfield>
         <subfield code="q">(hardback)</subfield>
      </datafield>
      <datafield tag="020" ind1=" " ind2=" ">
         <subfield code="a">9042931981</subfield>
         <subfield code="q">(hardback)</subfield>
      </datafield>
      <datafield tag="024" ind1="3" ind2=" ">
         <subfield code="a">9789042931985</subfield>
      </datafield>
      <datafield tag="035" ind1=" " ind2=" ">
         <subfield code="a">(OCoLC)959874856</subfield>
         <subfield code="z">(OCoLC)915506578</subfield>
      </datafield>
      <datafield tag="040" ind1=" " ind2=" ">
         <subfield code="a">OHX</subfield>
         <subfield code="b">eng</subfield>
         <subfield code="e">rda</subfield>
         <subfield code="c">DLC</subfield>
         <subfield code="d">OHX</subfield>
         <subfield code="d">BTCTA</subfield>
         <subfield code="d">ERASA</subfield>
         <subfield code="d">YDXCP</subfield>
         <subfield code="d">DDO</subfield>
         <subfield code="d">GRG</subfield>
         <subfield code="d">UAB</subfield>
         <subfield code="d">ISS</subfield>
         <subfield code="d">YDX</subfield>
         <subfield code="d">CHVBK</subfield>
         <subfield code="d">J9U</subfield>
         <subfield code="d">OTZ</subfield>
         <subfield code="d">OBE</subfield>
         <subfield code="d">OCLCQ</subfield>
         <subfield code="d">ZYU</subfield>
      </datafield>
      <datafield tag="042" ind1=" " ind2=" ">
         <subfield code="a">lccopycat</subfield>
      </datafield>
      <datafield tag="050" ind1="0" ind2="0">
         <subfield code="a">BR67</subfield>
         <subfield code="b">.S44 2016</subfield>
      </datafield>
      <datafield tag="072" ind1=" " ind2="7">
         <subfield code="a">BR</subfield>
         <subfield code="2">lcco</subfield>
      </datafield>
      <datafield tag="079" ind1=" " ind2=" ">
         <subfield code="a">(OCoLC)959874856</subfield>
      </datafield>
      <datafield tag="082" ind1="0" ind2="0">
         <subfield code="a">270.1</subfield>
         <subfield code="2">23</subfield>
      </datafield>
      <datafield tag="245" ind1="0" ind2="0">
         <subfield code="a">Seeing through the eyes of faith :</subfield>
         <subfield code="b">new approaches to the mystagogy of the church fathers /</subfield>
         <subfield code="c">edited by Paul van Geest.</subfield>
      </datafield>
      <datafield tag="264" ind1=" " ind2="1">
         <subfield code="a">Leuven, Belgium :</subfield>
         <subfield code="b">Peeters,</subfield>
         <subfield code="c">2016.</subfield>
      </datafield>
      <datafield tag="300" ind1=" " ind2=" ">
         <subfield code="a">xiv, 728 pages :</subfield>
         <subfield code="b">illustrations ;</subfield>
         <subfield code="c">25 cm.</subfield>
      </datafield>
      <datafield tag="336" ind1=" " ind2=" ">
         <subfield code="a">text</subfield>
         <subfield code="b">txt</subfield>
         <subfield code="2">rdacontent</subfield>
      </datafield>
      <datafield tag="337" ind1=" " ind2=" ">
         <subfield code="a">unmediated</subfield>
         <subfield code="b">n</subfield>
         <subfield code="2">rdamedia</subfield>
      </datafield>
      <datafield tag="338" ind1=" " ind2=" ">
         <subfield code="a">volume</subfield>
         <subfield code="b">nc</subfield>
         <subfield code="2">rdacarrier</subfield>
      </datafield>
      <datafield tag="490" ind1="1" ind2=" ">
         <subfield code="a">Late antique history and religion,</subfield>
         <subfield code="x">2030-5915 ;</subfield>
         <subfield code="v">volume 11</subfield>
      </datafield>
      <datafield tag="490" ind1="1" ind2=" ">
         <subfield code="a">The mystagogy of the church fathers ;</subfield>
         <subfield code="v">volume 3</subfield>
      </datafield>
      <datafield tag="504" ind1=" " ind2=" ">
         <subfield code="a">Includes bibliographical references (pages 649-698) and indexes.</subfield>
      </datafield>
      <datafield tag="500" ind1=" " ind2=" ">
         <subfield code="a">ISAW copy is from the library of Nina Garsoïan.</subfield>
         <subfield code="5">NyNyUAW</subfield>
      </datafield>
      <datafield tag="505" ind1="2" ind2=" ">
         <subfield code="a">Part 1. Mystagogy, apologetics, rhetorics and polemics -- Part. 2. Mystagogy and the introduction to the creed -- Part. 3. Mystagogy and visual symbolism -- Part 4. Mystagogy, liturgical initiation and eucharist -- Part 5. Mystagogy, initiation and spiritual growth -- Part 6. Mystagogy and martyrdom.</subfield>
      </datafield>
      <datafield tag="505" ind1="0" ind2="0">
         <subfield code="g">Introduction.</subfield>
         <subfield code="t">Studying the Mystagogy of the Fathers : an Introduction /</subfield>
         <subfield code="r">Paul van Geest --</subfield>
         <subfield code="t">Mystagogical Terminology in Liturgical Contexts /</subfield>
         <subfield code="r">Gerard Rouwhorst --</subfield>
         <subfield code="t">The Meaning of "Mystagogy" in Cyril of Alexandria /</subfield>
         <subfield code="r">Hans van Loon --</subfield>
         <subfield code="t">The Communication of Mysteria in the Mystagogical Discourses of Ambrose and Chrystosom /</subfield>
         <subfield code="r">Americo Miranda.</subfield>
         <subfield code="g">Part 1.</subfield>
         <subfield code="t">Mystagogy, Apologetics, Rhetorics and Polemics.</subfield>
         <subfield code="t">Theological Perspectives on Apologetic Persuasion in Justin Martyr, Athenagoras, and Theophilus of Antioch /</subfield>
         <subfield code="r">Aza Goudriaan --</subfield>
         <subfield code="t">The Binominal Antithesis hopsis-hakoē in the Works of Cyril of Jerusalem between Pagan Inheritance and Christian Metamorphosis /</subfield>
         <subfield code="r">Rocco Schembra --</subfield>
         <subfield code="t">Bible, Rhetoric and Theology : Some Examples of Mystagogical Strategies in St. Gregory of Nyssa's Sermons /</subfield>
         <subfield code="r">Johan Leemans --</subfield>
         <subfield code="t">Mystagogical Theology in Gregory of Nyssa's Epiphany Sermon In diem luminum /</subfield>
         <subfield code="r">Piet Hein Hupsch --</subfield>
         <subfield code="t">Mystagogy in St. Augustine : Rhetoric, Exegesis, and Liminality /</subfield>
         <subfield code="r">Karla Pollmann --</subfield>
         <subfield code="t">Augustine's Mystagogical Strategy in some Easter Sermons /</subfield>
         <subfield code="r">Marie-Anne Vannier --</subfield>
         <subfield code="t">Cum tremore se exultare : Polemics and Mystagogy in St. Augustine's Writings to the So-called Semi-Pelagians /</subfield>
         <subfield code="r">Bart van Egmond.</subfield>
         <subfield code="g">Part 2.</subfield>
         <subfield code="t">Mystagogy and the Introduction to the Creed.</subfield>
         <subfield code="t">Rufinus and the Creed : New Viewpoints from an Old Witness? A Possible Mystagogical Use of the Expositio Symboli /</subfield>
         <subfield code="r">Liuwe H. Westra --</subfield>
         <subfield code="t">There and Back Again : A Creed's Tale : The Interaction between Baptismal (Mystagogical) and Polemic Creeds /</subfield>
         <subfield code="r">Peter van Egmond.</subfield>
      </datafield>
      <datafield tag="505" ind1="8" ind2="0">
         <subfield code="g">Part 3.</subfield>
         <subfield code="t">Mystagogy and Visual Symbolism.</subfield>
         <subfield code="t">"Who can express in Words the Difference between the Quality and the Sweetness of a Date and a Dried Fig?" Origen, Images, and the Way to Godhood /</subfield>
         <subfield code="r">Karl F. Morrison --</subfield>
         <subfield code="t">"God on Earth, Man in Heaven" : John Chrysostom's Use of Celestial Imagery for the Christian Life /</subfield>
         <subfield code="r">Maria Verhoeff --</subfield>
         <subfield code="t">From "Divine Law" to Miracle as Visible Theology : Tracing an Imaginative Shift /</subfield>
         <subfield code="r">Giselle de Nie --</subfield>
         <subfield code="t">St. Augustine's Mystagogical Instruction of Ideas and Images /</subfield>
         <subfield code="r">Laela Zwollo --</subfield>
         <subfield code="t">Confession as an Image : St. Augustine's Shift from Mystagogy to Negative Theology /</subfield>
         <subfield code="r">Matthias Smalbrugge.</subfield>
         <subfield code="g">Part 4.</subfield>
         <subfield code="t">Mystagogy, Liturgical Initiation and Eucharist.</subfield>
         <subfield code="t">Christian Initiation in Antioch between St. John Chrysostom and St. Severus /</subfield>
         <subfield code="r">Sever J. Voicu --</subfield>
         <subfield code="t">"Keeping the Mystery by which we are kept" : Mystagogy in the Odes of Solomon /</subfield>
         <subfield code="r">Gie Vleugels --</subfield>
         <subfield code="t">"Receive today how you are to call upon God" : The Lord's Prayer and Augustine's Mystagogy /</subfield>
         <subfield code="r">William Harmless --</subfield>
         <subfield code="t">Mystagogy in Saint Maximus /</subfield>
         <subfield code="r">Andrew Louth --</subfield>
         <subfield code="t">Personal and Communal Mystagogy in St. Maximus the Confessor /</subfield>
         <subfield code="r">Michael Bakker --</subfield>
         <subfield code="t">Liturgically Mediated Plurality : Transformative Contemplation in St. Basil's Eucharistic canon and in St. Maximus' Mystagogy /</subfield>
         <subfield code="r">Stephan C. Headley --</subfield>
         <subfield code="t">Symbolism in the Liturgical Commentary of St. Germanos of Constantionple /</subfield>
         <subfield code="r">Kallistos Ware.</subfield>
      </datafield>
      <datafield tag="505" ind1="8" ind2="0">
         <subfield code="g">Part 5.</subfield>
         <subfield code="t">Mystagogy, Initiation and Spiritual Growth.</subfield>
         <subfield code="t">Songs in the Desert : The Rabbis and Origen on Spiritual Ascent /</subfield>
         <subfield code="r">Marcel Poorthuis --</subfield>
         <subfield code="t">Prayer in the Mystagogy of Clement, Origen, and John Chrysostom /</subfield>
         <subfield code="r">Margareth Schatkin --</subfield>
         <subfield code="t">The Lenten Lectures of St. Cyril of Jerusalem : from Pedagogics to Mystagogy /</subfield>
         <subfield code="r">Michiel Op de Coul --</subfield>
         <subfield code="t">St. Ambrose's Mystagogy : A Learning Process to "See with the eyes of faith" /</subfield>
         <subfield code="r">Marten van Willigen --</subfield>
         <subfield code="t">The Desert Sayings (Apophthegmata Patrum) as Mystagogical Path : Images of "Hesychia" in the Systematic Collection, Chapter 2 /</subfield>
         <subfield code="r">Nienke Vos --</subfield>
         <subfield code="t">St. Augustine's Exercitatio mentis and its Function in Mystagogy : Opening up the Individual for Exercises in Communal Thinking and Living /</subfield>
         <subfield code="r">Martin Claes --</subfield>
         <subfield code="t">Becoming a Limb of the Totus Christus : St. Augustine's Mystagogy in Confessiones 13 as Trans-Identification /</subfield>
         <subfield code="r">Daniel Napier --</subfield>
         <subfield code="t">The Impulse of Allegory : Lectio divina as Mystagogy in Gregory the Great /</subfield>
         <subfield code="r">Arnold Smeets.</subfield>
         <subfield code="g">Part 6.</subfield>
         <subfield code="t">Mystagogy and Martyrdom.</subfield>
         <subfield code="t">Mystagogy and Martyrdom in Ignatius of Antioch /</subfield>
         <subfield code="r">Peter Ben Smit --</subfield>
         <subfield code="t">Scriptures and Dreams : The Prophetic Identity of the Martyr Perpetua : A Narrative Mystagogy /</subfield>
         <subfield code="r">Bart J. Koet --</subfield>
         <subfield code="t">A Martyr's Pain is Not Pain : Mystagogical Directives in Tertullian'a Ad martyras, and some other North African Martyr Texts /</subfield>
         <subfield code="r">Henk Bakker.</subfield>
      </datafield>
      <datafield tag="520" ind1="8" ind2=" ">
         <subfield code="a">In the course of the past years an interest in the mystagogy of the Church Fathers developed at various Dutch universities. Interest in the mystagogy of the Church Fathers increased because it was recognised that its study did justice both to the intention of the Church Fathers themselves and to the increasing demand for spirituality. It was not their primary intention to put forward a rational reflection on the depositum fidei as such or to pass on knowledge of this as a goal in itself. Their goal was rather to initiate a process aimed not so much at intellectual formation as at an existential transformation by means of rituals, catechesis and the explanation of stories and images from biblical traditions. In this book the main focus was on the mystagogy of the Church Fathers. The assumption was that philological, historical and theological methods complement each other in the approach to the Church Fathers as mystagogues. Consequently the manner in which they attempt to shape their introduction into the mystery of Christ was regarded from an interdisciplinary point of view. The contributions to this book form a first sketch of the research area of the mystagogy of the Church Fathers, as it is taking shape at present--</subfield>
         <subfield code="c">Source other than Library of Congress.</subfield>
      </datafield>
      <datafield tag="650" ind1=" " ind2="0">
         <subfield code="a">Fathers of the church.</subfield>
      </datafield>
      <datafield tag="650" ind1=" " ind2="0">
         <subfield code="a">Mystagogy</subfield>
         <subfield code="x">Christianity</subfield>
         <subfield code="x">History</subfield>
         <subfield code="y">Early church, ca. 30-600.</subfield>
      </datafield>
      <datafield tag="650" ind1=" " ind2="0">
         <subfield code="a">Church history</subfield>
         <subfield code="y">Primitive and early church, ca. 30-600.</subfield>
      </datafield>
      <datafield tag="650" ind1=" " ind2="7">
         <subfield code="a">Mystagogie.</subfield>
         <subfield code="2">gnd</subfield>
         <subfield code="0">(DE-588)4131509-1</subfield>
      </datafield>
      <datafield tag="650" ind1=" " ind2="7">
         <subfield code="a">Kirchengeschichte.</subfield>
         <subfield code="2">gnd</subfield>
         <subfield code="0">(DE-588)4030720-7</subfield>
      </datafield>
      <datafield tag="650" ind1=" " ind2="7">
         <subfield code="a">Kirchenväter.</subfield>
         <subfield code="2">gnd</subfield>
         <subfield code="0">(DE-588)4030763-3</subfield>
      </datafield>
      <datafield tag="650" ind1=" " ind2="7">
         <subfield code="a">Christentum.</subfield>
         <subfield code="2">gnd</subfield>
         <subfield code="0">(DE-588)4010074-1</subfield>
      </datafield>
      <datafield tag="700" ind1="1" ind2=" ">
         <subfield code="a">Geest, Paul van,</subfield>
         <subfield code="e">editor.</subfield>
      </datafield>
      <datafield tag="700" ind1="1" ind2=" ">
         <subfield code="a">Garsoïan, Nina G.,</subfield>
         <subfield code="d">1923-</subfield>
         <subfield code="e">former owner.</subfield>
         <subfield code="5">NyNyUAW</subfield>
      </datafield>
      <datafield tag="740" ind1="0" ind2=" ">
         <subfield code="a">Garsoïan Collection.</subfield>
         <subfield code="5">NyNyUAW</subfield>
      </datafield>
      <datafield tag="830" ind1=" " ind2="0">
         <subfield code="a">Late antique history and religion ;</subfield>
         <subfield code="v">11.</subfield>
      </datafield>
      <datafield tag="856" ind1="4" ind2="1">
         <subfield code="u">http://www.peeters-leuven.be/toc/9789042931985.pdf</subfield>
         <subfield code="z">Table of contents</subfield>
      </datafield>
      <datafield tag="OWN" ind1=" " ind2=" ">
         <subfield code="a">GENERAL</subfield>
      </datafield>
      <datafield tag="AVA" ind1=" " ind2=" ">
         <subfield code="a">NYU50</subfield>
         <subfield code="b">NISAW</subfield>
         <subfield code="c">Small Collection</subfield>
         <subfield code="d">BR67 .S44 2016 Non-circulating</subfield>
         <subfield code="e">available</subfield>
         <subfield code="t">Available</subfield>
         <subfield code="f">1</subfield>
         <subfield code="g">0</subfield>
         <subfield code="h">N</subfield>
         <subfield code="i">0</subfield>
         <subfield code="j">SMALL</subfield>
         <subfield code="k">0</subfield>
      </datafield>
      <marc:datafield tag="852" ind1=" " ind2=" ">
         <marc:subfield code="b">Institute for the Study of the Ancient World, </marc:subfield>
         <marc:subfield code="c">Small Collection</marc:subfield>
         <marc:subfield code="e">15 East 84th St., </marc:subfield>
         <marc:subfield code="e">New York, NY  10028</marc:subfield>
      </marc:datafield>
   </record>