
  
  
  
  
  
  
  
  
  
  
  
  
  
  
 
  
  <record xsi:schemaLocation="http://www.loc.gov/MARC21/slim http://www.loc.gov/standards/marcxml/schema/MARC21slim.xsd">
      <leader>00000cas a2200385 i 4500</leader>
      <controlfield tag="FMT">SE</controlfield>
      <controlfield tag="LDR">00000cas a2200385 i 4500</controlfield>
      <controlfield tag="001">004128765</controlfield>
      <controlfield tag="003">OCoLC</controlfield>
      <controlfield tag="005">20150414092628.0</controlfield>
      <controlfield tag="008">150414c20129999gs uu         0    0eng</controlfield>
      <datafield tag="010" ind1=" " ind2=" ">
         <subfield code="a">2014212549</subfield>
      </datafield>
      <datafield tag="022" ind1=" " ind2=" ">
         <subfield code="a">2233-3517</subfield>
      </datafield>
      <datafield tag="035" ind1=" " ind2=" ">
         <subfield code="a">(OCoLC)875668761</subfield>
      </datafield>
      <datafield tag="040" ind1=" " ind2=" ">
         <subfield code="a">DLC</subfield>
         <subfield code="b">eng</subfield>
         <subfield code="c">DLC</subfield>
         <subfield code="e">rda</subfield>
         <subfield code="d">OCLCO</subfield>
         <subfield code="d">DLC</subfield>
         <subfield code="d">OCLCO</subfield>
         <subfield code="d">DLC</subfield>
      </datafield>
      <datafield tag="041" ind1="0" ind2=" ">
         <subfield code="a">eng</subfield>
         <subfield code="b">geo</subfield>
      </datafield>
      <datafield tag="042" ind1=" " ind2=" ">
         <subfield code="a">pcc</subfield>
      </datafield>
      <datafield tag="043" ind1=" " ind2=" ">
         <subfield code="a">a-ai---</subfield>
         <subfield code="a">a-aj---</subfield>
         <subfield code="a">a-gs---</subfield>
      </datafield>
      <datafield tag="050" ind1="0" ind2="0">
         <subfield code="a">DK509</subfield>
         <subfield code="b">.S84</subfield>
      </datafield>
      <datafield tag="079" ind1=" " ind2=" ">
         <subfield code="a">(OCoLC)875668761</subfield>
      </datafield>
      <datafield tag="210" ind1="0" ind2=" ">
         <subfield code="a">Studies Cauc. Archeol.</subfield>
      </datafield>
      <datafield tag="222" ind1=" " ind2="0">
         <subfield code="a">Studies in Caucasian Archeology</subfield>
      </datafield>
      <datafield tag="245" ind1="0" ind2="0">
         <subfield code="a">Studies in Caucasian archaeology.</subfield>
      </datafield>
      <datafield tag="264" ind1=" " ind2="1">
         <subfield code="a">Tbilisi :</subfield>
         <subfield code="b">Programa "Logisi",</subfield>
         <subfield code="c">2012-</subfield>
      </datafield>
      <datafield tag="300" ind1=" " ind2=" ">
         <subfield code="a">volumes :</subfield>
         <subfield code="b">illustrations ;</subfield>
         <subfield code="c">29 cm</subfield>
      </datafield>
      <datafield tag="336" ind1=" " ind2=" ">
         <subfield code="a">text</subfield>
         <subfield code="2">rdacontent</subfield>
      </datafield>
      <datafield tag="337" ind1=" " ind2=" ">
         <subfield code="a">unmediated</subfield>
         <subfield code="2">rdamedia</subfield>
      </datafield>
      <datafield tag="338" ind1=" " ind2=" ">
         <subfield code="a">volumes</subfield>
         <subfield code="2">rdacarrier</subfield>
      </datafield>
      <datafield tag="362" ind1="0" ind2=" ">
         <subfield code="a">I (2012)-</subfield>
      </datafield>
      <datafield tag="546" ind1=" " ind2=" ">
         <subfield code="a">In English; with summaries in Georgian.</subfield>
      </datafield>
      <datafield tag="651" ind1=" " ind2="0">
         <subfield code="a">Caucasus, South</subfield>
         <subfield code="x">Antiquites</subfield>
         <subfield code="v">Periodicals.</subfield>
      </datafield>
      <datafield tag="650" ind1=" " ind2="0">
         <subfield code="a">Excavations (Archaeology)</subfield>
         <subfield code="z">Caucasus, South</subfield>
         <subfield code="v">Periodicals.</subfield>
      </datafield>
      <datafield tag="710" ind1="2" ind2=" ">
         <subfield code="a">Prof. Sergi Makalatia Gori Historical-Ethnographical Museum.</subfield>
      </datafield>
      <datafield tag="994" ind1=" " ind2=" ">
         <subfield code="a">Z0</subfield>
         <subfield code="b">ZYU</subfield>
      </datafield>
      <datafield tag="OWN" ind1=" " ind2=" ">
         <subfield code="a">GENERAL</subfield>
      </datafield>
      <datafield tag="AVA" ind1=" " ind2=" ">
         <subfield code="a">NYU50</subfield>
         <subfield code="b">NISAW</subfield>
         <subfield code="c">Oak Collection</subfield>
         <subfield code="d">DK509 .S84 Non-circulating</subfield>
         <subfield code="e">available</subfield>
         <subfield code="t">Available</subfield>
         <subfield code="f">3</subfield>
         <subfield code="g">0</subfield>
         <subfield code="h">Y</subfield>
         <subfield code="i">0</subfield>
         <subfield code="j">OAK</subfield>
         <subfield code="k">0</subfield>
      </datafield>
      <marc:datafield tag="852" ind1=" " ind2=" ">
         <marc:subfield code="b">Institute for the Study of the Ancient World, </marc:subfield>
         <marc:subfield code="c">Oak Collection</marc:subfield>
         <marc:subfield code="e">15 East 84th St., </marc:subfield>
         <marc:subfield code="e">New York, NY  10028</marc:subfield>
      </marc:datafield>
   </record>