
  
  
  
  
  
  
  
  
  
  
  
  
 
  
  <record xsi:schemaLocation="http://www.loc.gov/MARC21/slim http://www.loc.gov/standards/marcxml/schema/MARC21slim.xsd">
      <leader>00000cam a22      a 4500</leader>
      <controlfield tag="FMT">BK</controlfield>
      <controlfield tag="LDR">00000cam a22      a 4500</controlfield>
      <controlfield tag="001">005894966</controlfield>
      <controlfield tag="005">20171220120349.0</controlfield>
      <controlfield tag="008">171101s2000    it abe   b    011 0 ita d</controlfield>
      <datafield tag="010" ind1=" " ind2=" ">
         <subfield code="a">2001325111</subfield>
      </datafield>
      <datafield tag="020" ind1=" " ind2=" ">
         <subfield code="a">8871560639</subfield>
      </datafield>
      <datafield tag="020" ind1=" " ind2=" ">
         <subfield code="a">9788871560632</subfield>
      </datafield>
      <datafield tag="035" ind1=" " ind2=" ">
         <subfield code="a">(OCoLC)45215388</subfield>
      </datafield>
      <datafield tag="040" ind1=" " ind2=" ">
         <subfield code="a">C3L</subfield>
         <subfield code="b">eng</subfield>
         <subfield code="c">DLC</subfield>
         <subfield code="d">C3L</subfield>
         <subfield code="d">CGU</subfield>
         <subfield code="d">OCL</subfield>
         <subfield code="d">NLGGC</subfield>
         <subfield code="d">GEBAY</subfield>
         <subfield code="d">OCLCF</subfield>
         <subfield code="d">OCLCQ</subfield>
         <subfield code="d">OCLCO</subfield>
         <subfield code="d">DEBBG</subfield>
         <subfield code="d">OCLCQ</subfield>
         <subfield code="d">JPG</subfield>
         <subfield code="d">OCLCO</subfield>
         <subfield code="d">ZYU</subfield>
      </datafield>
      <datafield tag="041" ind1="0" ind2=" ">
         <subfield code="a">ita</subfield>
         <subfield code="a">eng</subfield>
      </datafield>
      <datafield tag="042" ind1=" " ind2=" ">
         <subfield code="a">lccopycat</subfield>
      </datafield>
      <datafield tag="043" ind1=" " ind2=" ">
         <subfield code="a">aw-----</subfield>
         <subfield code="a">a-iq---</subfield>
      </datafield>
      <datafield tag="045" ind1=" " ind2=" ">
         <subfield code="a">a0b0</subfield>
         <subfield code="a">d4i-</subfield>
         <subfield code="a">b0d3</subfield>
      </datafield>
      <datafield tag="050" ind1=" " ind2="4">
         <subfield code="a">DS57</subfield>
         <subfield code="b">.D66 2000</subfield>
      </datafield>
      <datafield tag="050" ind1="0" ind2="0">
         <subfield code="a">DS57</subfield>
         <subfield code="b">.D66x 2000</subfield>
      </datafield>
      <datafield tag="079" ind1=" " ind2=" ">
         <subfield code="a">(OCoLC)45215388</subfield>
      </datafield>
      <datafield tag="082" ind1="1" ind2="4">
         <subfield code="a">930</subfield>
      </datafield>
      <datafield tag="084" ind1=" " ind2=" ">
         <subfield code="a">15.51</subfield>
         <subfield code="2">bcl</subfield>
      </datafield>
      <datafield tag="084" ind1=" " ind2=" ">
         <subfield code="a">18.70</subfield>
         <subfield code="2">bcl</subfield>
      </datafield>
      <datafield tag="084" ind1=" " ind2=" ">
         <subfield code="a">6,11</subfield>
         <subfield code="2">ssgn</subfield>
      </datafield>
      <datafield tag="245" ind1="0" ind2="0">
         <subfield code="a">Donum natalicium :</subfield>
         <subfield code="b">studi presentati a Claudio Saporetti in occasione del suo 60. compleanno /</subfield>
         <subfield code="c">a cura di P. Negri Scafa e P. Gentili ; con la collaborazione di G. Chiera.</subfield>
      </datafield>
      <datafield tag="260" ind1=" " ind2=" ">
         <subfield code="a">Roma :</subfield>
         <subfield code="b">Borgia,</subfield>
         <subfield code="c">[2000]</subfield>
      </datafield>
      <datafield tag="300" ind1=" " ind2=" ">
         <subfield code="a">313, xxiii pages :</subfield>
         <subfield code="b">illustrations, maps, plans ;</subfield>
         <subfield code="c">24 cm</subfield>
      </datafield>
      <datafield tag="336" ind1=" " ind2=" ">
         <subfield code="a">text</subfield>
         <subfield code="b">txt</subfield>
         <subfield code="2">rdacontent</subfield>
      </datafield>
      <datafield tag="337" ind1=" " ind2=" ">
         <subfield code="a">unmediated</subfield>
         <subfield code="b">n</subfield>
         <subfield code="2">rdamedia</subfield>
      </datafield>
      <datafield tag="338" ind1=" " ind2=" ">
         <subfield code="a">volume</subfield>
         <subfield code="b">nc</subfield>
         <subfield code="2">rdacarrier</subfield>
      </datafield>
      <datafield tag="546" ind1=" " ind2=" ">
         <subfield code="a">Italian and English.</subfield>
      </datafield>
      <datafield tag="500" ind1=" " ind2=" ">
         <subfield code="a">"Bibliografia di Claudio Saporetti": pages 3-12.</subfield>
      </datafield>
      <datafield tag="504" ind1=" " ind2=" ">
         <subfield code="a">Includes bibliographical references and indexes.</subfield>
      </datafield>
      <datafield tag="505" ind1="0" ind2="0">
         <subfield code="t">Il Santuario di su Campu 'e Sa Domu /</subfield>
         <subfield code="r">P. Bartoloni --</subfield>
         <subfield code="t">La storia del Mago Hi-Hor: variazioni egiziane sul tema di Ahiqar /</subfield>
         <subfield code="r">M. Betrò --</subfield>
         <subfield code="t">Fenici e indigeni in Sicilia agl'inizi dell'età coloniale /</subfield>
         <subfield code="r">S.F. Bondì --</subfield>
         <subfield code="t">Considerazioni sulla diffusione di un motivo astrale dalla Mesopotamia all'estremo occidente mediterraneo e sulla sua interpretazione nell'ambito degli studi fenici e punici /</subfield>
         <subfield code="r">M. Botto --</subfield>
         <subfield code="t">Fischietti d'Egitto /</subfield>
         <subfield code="r">E. Bresciani --</subfield>
         <subfield code="t">On poetry and friendship: linear and tensional elements int he old Babylonian episode of Gilgamesh and Enkidu /</subfield>
         <subfield code="r">G. Buccellati --</subfield>
         <subfield code="t">Brevi osservazioni sulla poesia d'amore egiziana antica /</subfield>
         <subfield code="r">F. Crevatin --</subfield>
         <subfield code="t">"È sulla cinquantina, o sulla sessantina" /</subfield>
         <subfield code="r">G.F. Del Monte --</subfield>
         <subfield code="t">Saporetti accademico /</subfield>
         <subfield code="r">G. Franceschi --</subfield>
         <subfield code="t">Milazzo e il viaggio di Ulisse /</subfield>
         <subfield code="r">G. Fuduli --</subfield>
         <subfield code="t">Un amuleto fenicio dall'Egitto /</subfield>
         <subfield code="r">G. Garbini --</subfield>
         <subfield code="t">Le retribuzioni all'aškāpum nei testi di Mari /</subfield>
         <subfield code="r">P. Gentili --</subfield>
         <subfield code="t">Uccidere per l'ospite: cerealicoltura e "doppio regime" /</subfield>
         <subfield code="r">C. Grottanelli --</subfield>
         <subfield code="t">Problemi di conservazione dell'arte rupestre: tre esempi di approccio per una conoscenza integrata /</subfield>
         <subfield code="r">G.F. Guidi, C. Giraudi, P. Moioli, e C. Seccaroni --</subfield>
         <subfield code="t">Nota edomita /</subfield>
         <subfield code="r">F. Israel --</subfield>
         <subfield code="t">Index anatolicus: Un progetto di studio lessicografico fra Napoli e Würzburg, Part I /</subfield>
         <subfield code="r">M. Marazzi --</subfield>
         <subfield code="t">Index anatolicus: Un progetto di studio lessicografico fra Napoli e Würzburg, Part II /</subfield>
         <subfield code="r">F. Saldicco --</subfield>
         <subfield code="t">Qualche osservazione concernente i documenti di prestito a Nuzi /</subfield>
         <subfield code="r">P. Negri Scafa --</subfield>
         <subfield code="t">Sogni rituali nella Lagaš presargonica /</subfield>
         <subfield code="r">S.M. Chiodi, G. Pettinato --</subfield>
         <subfield code="t">Assyrian Felt /</subfield>
         <subfield code="r">J.N. Postgate --</subfield>
         <subfield code="t">A Proposito della dea Qadesh in Egitto /</subfield>
         <subfield code="r">P. Romeo --</subfield>
         <subfield code="t">I giardini del Paradiso /</subfield>
         <subfield code="r">E. Salza Prina Ricotti --</subfield>
         <subfield code="t">Sull'iscrizione digrafa di Amatunte (ICS n. 196): ulteriori osservazioni /</subfield>
         <subfield code="r">E. Scafa --</subfield>
      </datafield>
      <datafield tag="505" ind1="8" ind2="0">
         <subfield code="t">Luca 20,34-36: Il matrimonio non si addice a cristiani e cristiane /</subfield>
         <subfield code="r">A. Tosato --</subfield>
         <subfield code="t">Re e regalità ellenistica negli affreschi di Boscoreale /</subfield>
         <subfield code="r">B. Virgilio.</subfield>
      </datafield>
      <datafield tag="651" ind1=" " ind2="0">
         <subfield code="a">Middle East</subfield>
         <subfield code="x">Civilization.</subfield>
      </datafield>
      <datafield tag="651" ind1=" " ind2="0">
         <subfield code="a">Iraq</subfield>
         <subfield code="x">Civilization</subfield>
         <subfield code="y">To 634.</subfield>
      </datafield>
      <datafield tag="650" ind1=" " ind2="0">
         <subfield code="a">Akkadian language.</subfield>
      </datafield>
      <datafield tag="650" ind1=" " ind2="7">
         <subfield code="a">Akkadian language.</subfield>
         <subfield code="2">fast</subfield>
         <subfield code="0">(OCoLC)fst00803982</subfield>
      </datafield>
      <datafield tag="650" ind1=" " ind2="7">
         <subfield code="a">Civilization.</subfield>
         <subfield code="2">fast</subfield>
         <subfield code="0">(OCoLC)fst00862898</subfield>
      </datafield>
      <datafield tag="651" ind1=" " ind2="7">
         <subfield code="a">Iraq.</subfield>
         <subfield code="2">fast</subfield>
         <subfield code="0">(OCoLC)fst01205757</subfield>
      </datafield>
      <datafield tag="651" ind1=" " ind2="7">
         <subfield code="a">Middle East.</subfield>
         <subfield code="2">fast</subfield>
         <subfield code="0">(OCoLC)fst01241586</subfield>
      </datafield>
      <datafield tag="600" ind1="1" ind2="7">
         <subfield code="a">Saporetti, Claudio</subfield>
         <subfield code="d">1938-</subfield>
         <subfield code="2">gnd</subfield>
         <subfield code="0">(DE-588)122764919</subfield>
      </datafield>
      <datafield tag="650" ind1=" " ind2="7">
         <subfield code="a">Archäologie.</subfield>
         <subfield code="2">gnd</subfield>
         <subfield code="0">(DE-588)4002827-6</subfield>
      </datafield>
      <datafield tag="650" ind1=" " ind2="7">
         <subfield code="a">Bibliografie.</subfield>
         <subfield code="2">gnd</subfield>
         <subfield code="0">(DE-588)4006432-3</subfield>
      </datafield>
      <datafield tag="651" ind1=" " ind2="7">
         <subfield code="a">Mesopotamien.</subfield>
         <subfield code="2">gnd</subfield>
         <subfield code="0">(DE-588)4038788-4</subfield>
      </datafield>
      <datafield tag="651" ind1=" " ind2="7">
         <subfield code="a">Ägypten</subfield>
         <subfield code="g">Altertum.</subfield>
         <subfield code="2">gnd</subfield>
         <subfield code="0">(DE-588)4068430-1</subfield>
      </datafield>
      <datafield tag="600" ind1="1" ind2="7">
         <subfield code="a">Saporetti, Claudio.</subfield>
         <subfield code="2">swd</subfield>
      </datafield>
      <datafield tag="650" ind1=" " ind2="7">
         <subfield code="a">Aufsatzsammlung.</subfield>
         <subfield code="2">gnd</subfield>
         <subfield code="0">(DE-588)4143413-4</subfield>
      </datafield>
      <datafield tag="648" ind1=" " ind2="7">
         <subfield code="a">To 634.</subfield>
         <subfield code="2">fast</subfield>
      </datafield>
      <datafield tag="655" ind1=" " ind2="4">
         <subfield code="a">Aufsatzsammlung.</subfield>
      </datafield>
      <datafield tag="700" ind1="1" ind2=" ">
         <subfield code="a">Saporetti, Claudio.</subfield>
      </datafield>
      <datafield tag="700" ind1="1" ind2=" ">
         <subfield code="a">Negri Scafa, P.</subfield>
      </datafield>
      <datafield tag="700" ind1="1" ind2=" ">
         <subfield code="a">Gentili, P.</subfield>
      </datafield>
      <datafield tag="700" ind1="1" ind2=" ">
         <subfield code="a">Chiera, Giovanna.</subfield>
      </datafield>
      <datafield tag="856" ind1="4" ind2="1">
         <subfield code="3">Table of contents</subfield>
         <subfield code="u">http://bvbr.bib-bvb.de:8991/F?func=service&amp;doc_library=BVB01&amp;local_base=BVB01&amp;doc_number=009188373&amp;line_number=0001&amp;func_code=DB_RECORDS&amp;service_type=MEDIA</subfield>
      </datafield>
      <datafield tag="OWN" ind1=" " ind2=" ">
         <subfield code="a">GENERAL</subfield>
      </datafield>
      <datafield tag="AVA" ind1=" " ind2=" ">
         <subfield code="a">NYU50</subfield>
         <subfield code="b">NISAW</subfield>
         <subfield code="c">Small Collection</subfield>
         <subfield code="d">DS57 .D66 2000 Non-circulating</subfield>
         <subfield code="e">available</subfield>
         <subfield code="t">Available</subfield>
         <subfield code="f">1</subfield>
         <subfield code="g">0</subfield>
         <subfield code="h">N</subfield>
         <subfield code="i">0</subfield>
         <subfield code="j">SMALL</subfield>
         <subfield code="k">0</subfield>
      </datafield>
      <marc:datafield tag="852" ind1=" " ind2=" ">
         <marc:subfield code="b">Institute for the Study of the Ancient World, </marc:subfield>
         <marc:subfield code="c">Small Collection</marc:subfield>
         <marc:subfield code="e">15 East 84th St., </marc:subfield>
         <marc:subfield code="e">New York, NY  10028</marc:subfield>
      </marc:datafield>
   </record>