
  
  
  
  
  
  
  
  
  
  
  
  
  
 
  
  <record xsi:schemaLocation="http://www.loc.gov/MARC21/slim http://www.loc.gov/standards/marcxml/schema/MARC21slim.xsd">
      <leader>00000cam a2200589Ia 4500</leader>
      <controlfield tag="FMT">BK</controlfield>
      <controlfield tag="LDR">00000cam a2200589Ia 4500</controlfield>
      <controlfield tag="001">005895041</controlfield>
      <controlfield tag="003">OCoLC</controlfield>
      <controlfield tag="005">20171102230526.0</controlfield>
      <controlfield tag="008">171101s2009    ko ab         000 0 mon d</controlfield>
      <datafield tag="035" ind1=" " ind2=" ">
         <subfield code="a">(OCoLC)650901220</subfield>
      </datafield>
      <datafield tag="040" ind1=" " ind2=" ">
         <subfield code="a">XFF</subfield>
         <subfield code="b">eng</subfield>
         <subfield code="c">XFF</subfield>
         <subfield code="d">OCLCA</subfield>
         <subfield code="d">XFF</subfield>
         <subfield code="d">OCLCQ</subfield>
         <subfield code="d">OCLCO</subfield>
         <subfield code="d">ZYU</subfield>
      </datafield>
      <datafield tag="041" ind1="0" ind2=" ">
         <subfield code="a">mon</subfield>
         <subfield code="b">eng</subfield>
         <subfield code="b">kor</subfield>
      </datafield>
      <datafield tag="043" ind1=" " ind2=" ">
         <subfield code="a">a-mp---</subfield>
         <subfield code="a">a-ko---</subfield>
      </datafield>
      <datafield tag="050" ind1=" " ind2="4">
         <subfield code="a">DS25</subfield>
         <subfield code="b">.D88 2009</subfield>
      </datafield>
      <datafield tag="050" ind1=" " ind2="4">
         <subfield code="a">DS798.9.B335</subfield>
         <subfield code="b">D887 2009</subfield>
      </datafield>
      <datafield tag="079" ind1=" " ind2=" ">
         <subfield code="a">(OCoLC)650901220</subfield>
      </datafield>
      <datafield tag="245" ind1="0" ind2="0">
         <subfield code="6">880-01</subfield>
         <subfield code="a">Duurlig Narsny Khu̇nnu̇ bulsh =</subfield>
         <subfield code="b">Xiongnu tombs of Duurlig Nars : special exhibition /</subfield>
         <subfield code="c">[erȯnkhiĭ zokhion baĭguulagch, D. T͡Sėvėėndorzh, Zh. Saruulbui͡an, Chė Guanshig].</subfield>
      </datafield>
      <datafield tag="246" ind1="3" ind2="1">
         <subfield code="a">Xiongnu tombs of Duurlig Nars</subfield>
      </datafield>
      <datafield tag="260" ind1=" " ind2=" ">
         <subfield code="6">880-02</subfield>
         <subfield code="a">[Korea] :</subfield>
         <subfield code="b">Mėt Dizaĭn,</subfield>
         <subfield code="c">2009.</subfield>
      </datafield>
      <datafield tag="300" ind1=" " ind2=" ">
         <subfield code="a">99 pages :</subfield>
         <subfield code="b">color illustrations, color maps ;</subfield>
         <subfield code="c">25 cm</subfield>
      </datafield>
      <datafield tag="336" ind1=" " ind2=" ">
         <subfield code="a">text</subfield>
         <subfield code="b">txt</subfield>
         <subfield code="2">rdacontent</subfield>
      </datafield>
      <datafield tag="336" ind1=" " ind2=" ">
         <subfield code="a">still image</subfield>
         <subfield code="b">sti</subfield>
         <subfield code="2">rdacontent</subfield>
      </datafield>
      <datafield tag="337" ind1=" " ind2=" ">
         <subfield code="a">unmediated</subfield>
         <subfield code="b">n</subfield>
         <subfield code="2">rdamedia</subfield>
      </datafield>
      <datafield tag="338" ind1=" " ind2=" ">
         <subfield code="a">volume</subfield>
         <subfield code="b">nc</subfield>
         <subfield code="2">rdacarrier</subfield>
      </datafield>
      <datafield tag="546" ind1=" " ind2=" ">
         <subfield code="a">In Mongolian</subfield>
         <subfield code="b">(Cyrillic): prefatory matter also in Korean; captions and table of contents in Mongolian and English; abstract in English.</subfield>
      </datafield>
      <datafield tag="500" ind1=" " ind2=" ">
         <subfield code="a">Title from cover.</subfield>
      </datafield>
      <datafield tag="500" ind1=" " ind2=" ">
         <subfield code="6">880-03</subfield>
         <subfield code="a">Catalog of an exhibition held May19-July-19, 2009 at BNSU-yn U̇ndėsniĭ Muzeĭ (Taehan Min'guk Kungnip Chungang Panmulgwan) and Aug. 14-Sept. 13, 2009 at Mongolyn U̇ndėsniĭ Muzeĭ.</subfield>
      </datafield>
      <datafield tag="500" ind1=" " ind2=" ">
         <subfield code="6">880-04</subfield>
         <subfield code="a">On cover: ShUA-iĭn Arkheologiĭn Khu̇rėėlėn, Mongolyn U̇ndėsniĭ Muzeĭ, Solongosyn U̇ndėsniĭ Muzeĭ.</subfield>
      </datafield>
      <datafield tag="650" ind1=" " ind2="0">
         <subfield code="a">Xiongnu (Asian people)</subfield>
         <subfield code="x">Material culture</subfield>
         <subfield code="v">Exhibitions.</subfield>
      </datafield>
      <datafield tag="651" ind1=" " ind2="0">
         <subfield code="a">Bai͡an-Adarga Sum (Mongolia)</subfield>
         <subfield code="x">Antiquities</subfield>
         <subfield code="v">Exhibitions.</subfield>
      </datafield>
      <datafield tag="650" ind1=" " ind2="0">
         <subfield code="a">Xiongnu (Asian people)</subfield>
         <subfield code="x">Funeral customs and rites.</subfield>
      </datafield>
      <datafield tag="650" ind1=" " ind2="0">
         <subfield code="a">Tombs</subfield>
         <subfield code="z">Mongolia</subfield>
         <subfield code="z">Bai͡an-Adarga Sum</subfield>
         <subfield code="v">Exhibitions.</subfield>
      </datafield>
      <datafield tag="650" ind1=" " ind2="0">
         <subfield code="a">Excavations (Archaeology)</subfield>
         <subfield code="z">Mongolia</subfield>
         <subfield code="z">Bai͡an-Adarga Sum</subfield>
         <subfield code="v">Exhibitions.</subfield>
      </datafield>
      <datafield tag="651" ind1=" " ind2="0">
         <subfield code="a">Duurlig Nars Site (Mongolia)</subfield>
         <subfield code="v">Exhibitions.</subfield>
      </datafield>
      <datafield tag="651" ind1=" " ind2="7">
         <subfield code="a">Duurlig Nars.</subfield>
         <subfield code="2">pleiades</subfield>
         <subfield code="0">https://pleiades.stoa.org/places/475881408</subfield>
      </datafield>
      <datafield tag="700" ind1="0" ind2=" ">
         <subfield code="6">880-05</subfield>
         <subfield code="a">T͡Sėvėėndorzh, D.</subfield>
         <subfield code="q">(Damdinsu̇rėngiĭn),</subfield>
         <subfield code="d">1949-</subfield>
      </datafield>
      <datafield tag="700" ind1="0" ind2=" ">
         <subfield code="6">880-06</subfield>
         <subfield code="a">Saruulbui͡an, Zhu̇mpėrėliĭn.</subfield>
      </datafield>
      <datafield tag="700" ind1="1" ind2=" ">
         <subfield code="6">880-07</subfield>
         <subfield code="a">Chʻoe, Kwang-sik,</subfield>
         <subfield code="d">1953-</subfield>
      </datafield>
      <datafield tag="710" ind1="2" ind2=" ">
         <subfield code="6">880-08</subfield>
         <subfield code="a">Arkheologiĭn Khu̇rėėlėn (Mongolyn Shinzhlėkh Ukhaany Akademi)</subfield>
      </datafield>
      <datafield tag="710" ind1="1" ind2=" ">
         <subfield code="6">880-09</subfield>
         <subfield code="a">Mongolia.</subfield>
         <subfield code="b">U̇ndėsniĭ Muzeĭ.</subfield>
      </datafield>
      <datafield tag="710" ind1="2" ind2=" ">
         <subfield code="6">880-10</subfield>
         <subfield code="a">Kungnip Chungang Pangmulgwan (Korea)</subfield>
      </datafield>
      <datafield tag="880" ind1="0" ind2="0">
         <subfield code="6">245-01/</subfield>
         <subfield code="a">Дуурлиг Нарсны Хүннү булш =</subfield>
         <subfield code="b">Xiongnu tombs of Duurlig Nars : special exhibition /</subfield>
         <subfield code="c">[ерөнхий зохион байгуулагч, Д. Цэвээндорж, Ж. Саруулбуян, Чэ Гуаншиг].</subfield>
      </datafield>
      <datafield tag="880" ind1=" " ind2=" ">
         <subfield code="6">260-02/</subfield>
         <subfield code="a">[БНСУ] :</subfield>
         <subfield code="b">Мэт Дизайн,</subfield>
         <subfield code="c">2009.</subfield>
      </datafield>
      <datafield tag="880" ind1=" " ind2=" ">
         <subfield code="6">500-03/</subfield>
         <subfield code="a">Catalog of an exhibition held May19-July-19, 2009 at БНСУ-ын Үндэсний Музей (대한 민국 국립 중앙 박물관) and Aug. 14-Sept. 13, 2009 at Монголын Үндэсний Музей.</subfield>
      </datafield>
      <datafield tag="880" ind1=" " ind2=" ">
         <subfield code="6">500-04/</subfield>
         <subfield code="a">On cover: ШУА-ийн Археологийн Хүрээлэн, Монголын Үндэсний Музей, Солонгосын Үндэсний Музей.</subfield>
      </datafield>
      <datafield tag="880" ind1="0" ind2=" ">
         <subfield code="6">700-05/</subfield>
         <subfield code="a">Цэвээндорж, Д.</subfield>
         <subfield code="q">(Дамдинсүрэнгийн),</subfield>
         <subfield code="d">1949-</subfield>
      </datafield>
      <datafield tag="880" ind1="0" ind2=" ">
         <subfield code="6">700-06/</subfield>
         <subfield code="a">Саруулбуян, Жүмпэрэлийн.</subfield>
      </datafield>
      <datafield tag="880" ind1="0" ind2=" ">
         <subfield code="6">700-07/</subfield>
         <subfield code="a">최광식,</subfield>
         <subfield code="d">1953-</subfield>
      </datafield>
      <datafield tag="880" ind1="2" ind2=" ">
         <subfield code="6">710-08/</subfield>
         <subfield code="a">Археологийн Хүрээлэн (Монголын Шинжлэх Ухааны Академи)</subfield>
      </datafield>
      <datafield tag="880" ind1="1" ind2=" ">
         <subfield code="6">710-09/</subfield>
         <subfield code="a">Монгол Улс.</subfield>
         <subfield code="b">Үндэсний Музей.</subfield>
      </datafield>
      <datafield tag="880" ind1="2" ind2=" ">
         <subfield code="6">710-10/</subfield>
         <subfield code="a">국립 중앙 박물관 (대한 민국)</subfield>
      </datafield>
      <datafield tag="994" ind1=" " ind2=" ">
         <subfield code="a">Z0</subfield>
         <subfield code="b">ZYU</subfield>
      </datafield>
      <datafield tag="OWN" ind1=" " ind2=" ">
         <subfield code="a">GENERAL</subfield>
      </datafield>
      <datafield tag="AVA" ind1=" " ind2=" ">
         <subfield code="a">NYU50</subfield>
         <subfield code="b">NISAW</subfield>
         <subfield code="c">Small Collection</subfield>
         <subfield code="d">DS798.9.B335 D887 2009 Non-circulating</subfield>
         <subfield code="e">available</subfield>
         <subfield code="t">Available</subfield>
         <subfield code="f">1</subfield>
         <subfield code="g">0</subfield>
         <subfield code="h">N</subfield>
         <subfield code="i">0</subfield>
         <subfield code="j">SMALL</subfield>
         <subfield code="k">0</subfield>
      </datafield>
      <marc:datafield tag="852" ind1=" " ind2=" ">
         <marc:subfield code="b">Institute for the Study of the Ancient World, </marc:subfield>
         <marc:subfield code="c">Small Collection</marc:subfield>
         <marc:subfield code="e">15 East 84th St., </marc:subfield>
         <marc:subfield code="e">New York, NY  10028</marc:subfield>
      </marc:datafield>
   </record>