
  
  
  
  
  
  
  
  
 
  
  <record xsi:schemaLocation="http://www.loc.gov/MARC21/slim http://www.loc.gov/standards/marcxml/schema/MARC21slim.xsd">
      <leader>00000cam a2200781 a 4500</leader>
      <controlfield tag="FMT">BK</controlfield>
      <controlfield tag="LDR">00000cam a2200781 a 4500</controlfield>
      <controlfield tag="001">001087892</controlfield>
      <controlfield tag="003">OCoLC</controlfield>
      <controlfield tag="005">20171201171445.0</controlfield>
      <controlfield tag="008">880615m19879999fi a     bc   000 0 eng</controlfield>
      <datafield tag="010" ind1=" " ind2=" ">
         <subfield code="a">88150457</subfield>
      </datafield>
      <datafield tag="020" ind1=" " ind2=" ">
         <subfield code="a">9514105559</subfield>
         <subfield code="q">(v. 1)</subfield>
      </datafield>
      <datafield tag="020" ind1=" " ind2=" ">
         <subfield code="a">9789514105555</subfield>
         <subfield code="q">(v. 1)</subfield>
      </datafield>
      <datafield tag="020" ind1=" " ind2=" ">
         <subfield code="a">9789514110405</subfield>
         <subfield code="q">(v. 3)</subfield>
      </datafield>
      <datafield tag="020" ind1=" " ind2=" ">
         <subfield code="a">9514110404</subfield>
         <subfield code="q">(v. 3)</subfield>
      </datafield>
      <datafield tag="035" ind1=" " ind2=" ">
         <subfield code="a">(OCoLC)17558805</subfield>
      </datafield>
      <datafield tag="040" ind1=" " ind2=" ">
         <subfield code="a">DLC</subfield>
         <subfield code="b">eng</subfield>
         <subfield code="c">DLC</subfield>
         <subfield code="d">FNU</subfield>
         <subfield code="d">NLGGC</subfield>
         <subfield code="d">BTCTA</subfield>
         <subfield code="d">GEBAY</subfield>
         <subfield code="d">IXA</subfield>
         <subfield code="d">Z@L</subfield>
         <subfield code="d">YDXCP</subfield>
         <subfield code="d">OCLCO</subfield>
         <subfield code="d">OCLCF</subfield>
         <subfield code="d">OCLCQ</subfield>
         <subfield code="d">OCLCO</subfield>
         <subfield code="d">OCLCQ</subfield>
         <subfield code="d">EUW</subfield>
         <subfield code="d">ZYU</subfield>
      </datafield>
      <datafield tag="043" ind1=" " ind2=" ">
         <subfield code="a">a-pk---</subfield>
         <subfield code="a">a-ii---</subfield>
      </datafield>
      <datafield tag="050" ind1="0" ind2="0">
         <subfield code="a">Q60</subfield>
         <subfield code="b">.H53 nide 239,etc.</subfield>
         <subfield code="a">CD5391</subfield>
      </datafield>
      <datafield tag="079" ind1=" " ind2=" ">
         <subfield code="a">(OCoLC)17558805</subfield>
      </datafield>
      <datafield tag="082" ind1="0" ind2="0">
         <subfield code="a">080 s</subfield>
         <subfield code="a">934</subfield>
         <subfield code="2">20</subfield>
      </datafield>
      <datafield tag="084" ind1=" " ind2=" ">
         <subfield code="a">21.97</subfield>
         <subfield code="2">bcl</subfield>
      </datafield>
      <datafield tag="090" ind1=" " ind2=" ">
         <subfield code="a">PK119.5</subfield>
         <subfield code="b">C67</subfield>
      </datafield>
      <datafield tag="245" ind1="0" ind2="0">
         <subfield code="a">Corpus of Indus seals and inscriptions /</subfield>
         <subfield code="c">edited by Jagat Pati Joshi and Asko Parpola with the assistance of Erja Lahdenperä and Virpi Hämeen-Anttila.</subfield>
      </datafield>
      <datafield tag="260" ind1=" " ind2=" ">
         <subfield code="a">Helsinki :</subfield>
         <subfield code="b">Suomalainen Tiedeakatemia,</subfield>
         <subfield code="c">1987-&lt;2010&gt;</subfield>
      </datafield>
      <datafield tag="300" ind1=" " ind2=" ">
         <subfield code="a">volumes &lt;1-2, 3 parts 1; in 3&gt;:</subfield>
         <subfield code="b">chiefly illustrations (some color) ;</subfield>
         <subfield code="c">31 cm.</subfield>
      </datafield>
      <datafield tag="336" ind1=" " ind2=" ">
         <subfield code="a">text</subfield>
         <subfield code="b">txt</subfield>
         <subfield code="2">rdacontent</subfield>
      </datafield>
      <datafield tag="337" ind1=" " ind2=" ">
         <subfield code="a">unmediated</subfield>
         <subfield code="b">n</subfield>
         <subfield code="2">rdamedia</subfield>
      </datafield>
      <datafield tag="338" ind1=" " ind2=" ">
         <subfield code="a">volume</subfield>
         <subfield code="b">nc</subfield>
         <subfield code="2">rdacarrier</subfield>
      </datafield>
      <datafield tag="490" ind1="1" ind2=" ">
         <subfield code="a">V. 1-2: Suomalaisen Tiedeakatemian toimituksia. Sarja B,</subfield>
         <subfield code="x">0066-2011 ;</subfield>
         <subfield code="v">nide 239-240 =</subfield>
         <subfield code="a">Annales Academiae Scientiarum Fennicae. Ser. B ;</subfield>
         <subfield code="v">tom. 239-240</subfield>
      </datafield>
      <datafield tag="490" ind1="1" ind2=" ">
         <subfield code="a">V. 3: Suomalaisen Tiedeakatemian toimituksia. Humaniora,</subfield>
         <subfield code="x">1239-6982 ;</subfield>
         <subfield code="v">359 =</subfield>
         <subfield code="a">Annales Academiae Scientiarum Fennicae. Humaniora ;</subfield>
         <subfield code="v">359</subfield>
      </datafield>
      <datafield tag="490" ind1="1" ind2=" ">
         <subfield code="a">Memoirs of the Archaeological Survey of India ;</subfield>
         <subfield code="v">no. 86, 96</subfield>
      </datafield>
      <datafield tag="500" ind1=" " ind2=" ">
         <subfield code="a">Vol. 2 edited by Sayyid Ghulam Mustafa Shah and Asko Parpola in collaboration with Ahmad Nabi Khan ... et al.; v. 3 edited by Asko Parpola, B.M. Pnade and Petteri Koskikallio in collaboration with Richard H. Meadow and J. Mark Kenoyer.</subfield>
      </datafield>
      <datafield tag="504" ind1=" " ind2=" ">
         <subfield code="a">Includes bibliographical references.</subfield>
      </datafield>
      <datafield tag="505" ind1="0" ind2="0">
         <subfield code="g">v. 1.</subfield>
         <subfield code="t">Collections in India --</subfield>
         <subfield code="g">v. 2.</subfield>
         <subfield code="t">Collections in Pakistan /</subfield>
         <subfield code="r">edited by Sayyid Ghulam Mustafa Shah and Asko Parpola in collaboration with Ahmad Nabi Khan ... et al. --</subfield>
         <subfield code="g">v. 3.</subfield>
         <subfield code="t">New material, untraced objects, and collections outside India and Pakistan.</subfield>
         <subfield code="g">pt. 1.</subfield>
         <subfield code="t">Mohenjo-daro and Harrappa /</subfield>
         <subfield code="r">edited by Asko Parpola, B.M. Pande and Petteri Koskikallio in collaboration with Richard H. Meadow and J. Mark Kenoyer and with the assistance of Erja Lahdenperä and Arto Vuohelainen.</subfield>
         <subfield code="t">Essays.</subfield>
         <subfield code="t">From the Oxus to the Indus : two compartmented seals from Mohenjo-daro (Pakistan) /</subfield>
         <subfield code="r">Ute Franke --</subfield>
         <subfield code="t">Inscribed objects from Harappa excavations 1986-2007 /</subfield>
         <subfield code="r">J. Mark Kenoyer &amp; Richard H. Meadow --</subfield>
         <subfield code="t">New light on "Major Clark", owner of the first published Indus seal /</subfield>
         <subfield code="r">Asko Parpola.</subfield>
      </datafield>
      <datafield tag="650" ind1=" " ind2="0">
         <subfield code="a">Indus script.</subfield>
      </datafield>
      <datafield tag="650" ind1=" " ind2="0">
         <subfield code="a">Seals (Numismatics)</subfield>
         <subfield code="z">Pakistan</subfield>
         <subfield code="v">Catalogs.</subfield>
      </datafield>
      <datafield tag="650" ind1=" " ind2="0">
         <subfield code="a">Seals (Numismatics)</subfield>
         <subfield code="z">India</subfield>
         <subfield code="v">Catalogs.</subfield>
      </datafield>
      <datafield tag="650" ind1=" " ind2="0">
         <subfield code="a">Inscriptions, Indic</subfield>
         <subfield code="v">Catalogs.</subfield>
      </datafield>
      <datafield tag="651" ind1=" " ind2="0">
         <subfield code="a">Pakistan</subfield>
         <subfield code="x">Antiquities</subfield>
         <subfield code="v">Catalogs.</subfield>
      </datafield>
      <datafield tag="651" ind1=" " ind2="0">
         <subfield code="a">India</subfield>
         <subfield code="x">Antiquities</subfield>
         <subfield code="v">Catalogs.</subfield>
      </datafield>
      <datafield tag="651" ind1=" " ind2="7">
         <subfield code="a">Moenjodaro.</subfield>
         <subfield code="2">pleiades</subfield>
         <subfield code="0">https://pleiades.stoa.org/places/902113570</subfield>
      </datafield>
      <datafield tag="651" ind1=" " ind2="7">
         <subfield code="a">Harappa.</subfield>
         <subfield code="2">pleiades</subfield>
         <subfield code="0">https://pleiades.stoa.org/places/93441396</subfield>
      </datafield>
      <datafield tag="651" ind1=" " ind2="7">
         <subfield code="a">Indus/Sinthos/Phison (river)</subfield>
         <subfield code="2">pleiades</subfield>
         <subfield code="0">https://pleiades.stoa.org/places/59851</subfield>
      </datafield>
      <datafield tag="655" ind1=" " ind2="7">
         <subfield code="a">Catalogs.</subfield>
         <subfield code="2">fast</subfield>
         <subfield code="0">(OCoLC)fst01423692</subfield>
      </datafield>
      <datafield tag="655" ind1=" " ind2="7">
         <subfield code="a">Catalogues.</subfield>
         <subfield code="2">rbgenr</subfield>
      </datafield>
      <datafield tag="700" ind1="1" ind2=" ">
         <subfield code="a">Joshi, Jagat Pati.</subfield>
      </datafield>
      <datafield tag="700" ind1="1" ind2=" ">
         <subfield code="a">Parpola, Asko.</subfield>
      </datafield>
      <datafield tag="776" ind1="0" ind2="8">
         <subfield code="i">Online version:</subfield>
         <subfield code="t">Corpus of Indus seals and inscriptions.</subfield>
         <subfield code="d">Helsinki : Suomalainen Tiedeakatemia, 1987-&lt;1991&gt;</subfield>
         <subfield code="w">(OCoLC)551702421</subfield>
      </datafield>
      <datafield tag="776" ind1="0" ind2="8">
         <subfield code="i">Online version:</subfield>
         <subfield code="t">Corpus of Indus seals and inscriptions.</subfield>
         <subfield code="d">Helsinki : Suomalainen Tiedeakatemia, 1987-&lt;1991&gt;</subfield>
         <subfield code="w">(OCoLC)608562232</subfield>
      </datafield>
      <datafield tag="830" ind1=" " ind2="0">
         <subfield code="a">Memoirs of the Archaeological Survey of India ;</subfield>
         <subfield code="v">no. 86, 96.</subfield>
      </datafield>
      <datafield tag="830" ind1=" " ind2="0">
         <subfield code="a">Suomalaisen Tiedeakatemian toimituksia.</subfield>
         <subfield code="n">Sarja B ;</subfield>
         <subfield code="v">nide 239, etc.</subfield>
      </datafield>
      <datafield tag="830" ind1=" " ind2="0">
         <subfield code="a">Suomalaisen Tiedeakatemian toimituksia.</subfield>
         <subfield code="p">Sarja Humaniora ;</subfield>
         <subfield code="v">nide 359.</subfield>
      </datafield>
      <datafield tag="OWN" ind1=" " ind2=" ">
         <subfield code="a">GENERAL</subfield>
      </datafield>
      <datafield tag="AVA" ind1=" " ind2=" ">
         <subfield code="a">NYU50</subfield>
         <subfield code="b">BOBST</subfield>
         <subfield code="c">Main Collection</subfield>
         <subfield code="d">Q60 .H53 nide 239, etc.</subfield>
         <subfield code="e">unavailable</subfield>
         <subfield code="t">Unavailable</subfield>
         <subfield code="f">3</subfield>
         <subfield code="g">3</subfield>
         <subfield code="h">Y</subfield>
         <subfield code="i">6</subfield>
         <subfield code="j">MAIN</subfield>
         <subfield code="k">0</subfield>
      </datafield>
      <datafield tag="AVA" ind1=" " ind2=" ">
         <subfield code="a">NYU50</subfield>
         <subfield code="b">NIFA</subfield>
         <subfield code="c">Main Collection</subfield>
         <subfield code="d">Q60 .H53 nide 239, etc. Non-circulating</subfield>
         <subfield code="e">available</subfield>
         <subfield code="t">Available</subfield>
         <subfield code="f">2</subfield>
         <subfield code="g">0</subfield>
         <subfield code="h">Y</subfield>
         <subfield code="i">0</subfield>
         <subfield code="j">MAIN</subfield>
         <subfield code="k">0</subfield>
      </datafield>
      <datafield tag="AVA" ind1=" " ind2=" ">
         <subfield code="a">NYU50</subfield>
         <subfield code="b">NISAW</subfield>
         <subfield code="c">Large Collection</subfield>
         <subfield code="d">PK119.5 .C67 Non-circulating</subfield>
         <subfield code="e">available</subfield>
         <subfield code="t">Available</subfield>
         <subfield code="f">1</subfield>
         <subfield code="g">0</subfield>
         <subfield code="h">Y</subfield>
         <subfield code="i">0</subfield>
         <subfield code="j">LARGE</subfield>
         <subfield code="k">0</subfield>
      </datafield>
      <marc:datafield tag="852" ind1=" " ind2=" ">
         <marc:subfield code="b">Institute for the Study of the Ancient World, </marc:subfield>
         <marc:subfield code="c">Large Collection</marc:subfield>
         <marc:subfield code="e">15 East 84th St., </marc:subfield>
         <marc:subfield code="e">New York, NY  10028</marc:subfield>
      </marc:datafield>
   </record>