
  
  
  
  
  
  
  
  
  
  
 
  
  <record xsi:schemaLocation="http://www.loc.gov/MARC21/slim http://www.loc.gov/standards/marcxml/schema/MARC21slim.xsd">
      <leader>00000cam a2200373Ii 4500</leader>
      <controlfield tag="FMT">BK</controlfield>
      <controlfield tag="LDR">00000cam a2200373Ii 4500</controlfield>
      <controlfield tag="001">005912631</controlfield>
      <controlfield tag="003">OCoLC</controlfield>
      <controlfield tag="005">20171220122226.0</controlfield>
      <controlfield tag="008">171122s2013    fr ab    b    010 0 fre d</controlfield>
      <datafield tag="035" ind1=" " ind2=" ">
         <subfield code="a">(OCoLC)880935171</subfield>
      </datafield>
      <datafield tag="040" ind1=" " ind2=" ">
         <subfield code="a">TZT</subfield>
         <subfield code="b">eng</subfield>
         <subfield code="e">rda</subfield>
         <subfield code="c">TZT</subfield>
         <subfield code="d">OCLCO</subfield>
         <subfield code="d">OCLCQ</subfield>
         <subfield code="d">CIN</subfield>
         <subfield code="d">OCLCF</subfield>
         <subfield code="d">CGU</subfield>
      </datafield>
      <datafield tag="043" ind1=" " ind2=" ">
         <subfield code="a">mm-----</subfield>
      </datafield>
      <datafield tag="050" ind1=" " ind2="4">
         <subfield code="a">DE59</subfield>
         <subfield code="b">.V555 2013</subfield>
      </datafield>
      <datafield tag="079" ind1=" " ind2=" ">
         <subfield code="a">(OCoLC)880935171</subfield>
      </datafield>
      <datafield tag="082" ind1="1" ind2="4">
         <subfield code="a">930</subfield>
      </datafield>
      <datafield tag="245" ind1="0" ind2="0">
         <subfield code="a">Villes et campagnes aux rives de la Méditerranée ancienne :</subfield>
         <subfield code="b">hommages à Georges Tate /</subfield>
         <subfield code="c">textes réunis par G. Charpentier et V. Puech.</subfield>
      </datafield>
      <datafield tag="264" ind1=" " ind2="1">
         <subfield code="a">Lyon :</subfield>
         <subfield code="b">Maison de l'orient méditerranéen,</subfield>
         <subfield code="c">2013.</subfield>
      </datafield>
      <datafield tag="300" ind1=" " ind2=" ">
         <subfield code="a">622 pages :</subfield>
         <subfield code="b">illustrations, maps ;</subfield>
         <subfield code="c">24 cm +</subfield>
         <subfield code="e">1 booklet (36 pages : 1 illustration ; 24 cm.).</subfield>
      </datafield>
      <datafield tag="336" ind1=" " ind2=" ">
         <subfield code="a">text</subfield>
         <subfield code="b">txt</subfield>
         <subfield code="2">rdacontent</subfield>
      </datafield>
      <datafield tag="337" ind1=" " ind2=" ">
         <subfield code="a">unmediated</subfield>
         <subfield code="b">n</subfield>
         <subfield code="2">rdamedia</subfield>
      </datafield>
      <datafield tag="338" ind1=" " ind2=" ">
         <subfield code="a">volume</subfield>
         <subfield code="b">nc</subfield>
         <subfield code="2">rdacarrier</subfield>
      </datafield>
      <datafield tag="490" ind1="1" ind2=" ">
         <subfield code="a">Topoi orient-occident. Supplément,</subfield>
         <subfield code="x">1764-0733 ;</subfield>
         <subfield code="v">12</subfield>
      </datafield>
      <datafield tag="504" ind1=" " ind2=" ">
         <subfield code="a">Includes bibliographical references.</subfield>
      </datafield>
      <datafield tag="505" ind1="0" ind2="0">
         <subfield code="a"/>
         <subfield code="t">Introduction /</subfield>
         <subfield code="r">G. Charpentier et V. Puech --</subfield>
         <subfield code="t">Bibliographie de Georges Tate.</subfield>
         <subfield code="g">Première partie.</subfield>
         <subfield code="t">La Syrie du Nord.</subfield>
         <subfield code="t">Les inscriptions syriaques du Massif Calcaire de Syrie du Nord /</subfield>
         <subfield code="r">Fr. Briquel Chatonnet --</subfield>
         <subfield code="t">Dans le Massif Calcaire de Syrie du Nord, les propriétaires non résidents de l'époque byzantine sont-ils vraiment "invisibles"? /</subfield>
         <subfield code="r">B. Bavant --</subfield>
         <subfield code="t">La christianisation de la Syrie : l'exemple de l'Antiochène /</subfield>
         <subfield code="r">P.-L. Gatier --</subfield>
         <subfield code="t">Les pressoirs du Massif Calcaire : une vision différente /</subfield>
         <subfield code="r">O. Callot --</subfield>
         <subfield code="t">Faciès céramiques de la Syrie du Nord protobyzantine /</subfield>
         <subfield code="r">N. Haidar Vela et D. Pieri --</subfield>
         <subfield code="t">Un massif calcaire en Syrie du Nord : le ğebel Zāwiye /</subfield>
         <subfield code="r">J. Besançon et B. Geyer --</subfield>
         <subfield code="t">Évolution d'une technique de construction et croissance des villages du ğebel Zawiyé /</subfield>
         <subfield code="r">C. Duvette et Cl. Piaton --</subfield>
         <subfield code="t">Églises d'Apamée et d'Apamène /</subfield>
         <subfield code="r">J.-Ch. Balty --</subfield>
         <subfield code="t">Maurice, un saint d'Apamée : témoignages littéraires et archéologiques /</subfield>
         <subfield code="r">J. Balty --</subfield>
         <subfield code="t">Les couvents paléochrétiens du nord de l 'Apamène : analyse typologique /</subfield>
         <subfield code="r">J.-P. Fourdrin --</subfield>
         <subfield code="t">Haouarté, un village d'Apamène /</subfield>
         <subfield code="r">M. Gawlikowski --</subfield>
         <subfield code="t">Ruweiha, un village du Massif Calcaire de la Syrie du Nord : nouvelles études archéologiques /</subfield>
         <subfield code="r">M. Abdulkarim --</subfield>
         <subfield code="t">La mosquée du bourg d'El-Bâra en Syrie du Nord /</subfield>
         <subfield code="r">G. Charpentier --</subfield>
         <subfield code="t">De Chalcis à Qinnasrin /</subfield>
         <subfield code="t">M.-O. Rousset.</subfield>
         <subfield code="g">Seconde Partie.</subfield>
         <subfield code="t">Horizons méditerranéens.</subfield>
         <subfield code="t">Villes et territoires ruraux.</subfield>
         <subfield code="t">Les villes suméro-akkadiennes et leur arrière-pays : la cité -État introuvable : Études proto-urbaines 2 /</subfield>
         <subfield code="r">P. Butterlin --</subfield>
         <subfield code="t">Le territoire de la ville à l'âge du Bronze : limites, environnement et fonctions /</subfield>
         <subfield code="r">J.-Cl Margueron --</subfield>
         <subfield code="t">Espace paysager et espace construit dans l'iconographie syro-mésopotamienne /</subfield>
         <subfield code="r">B. Muller --</subfield>
      </datafield>
      <datafield tag="505" ind1="8" ind2="0">
         <subfield code="t">Les campagnes de la cité antique de Nîmes : étude de cas régionale /</subfield>
         <subfield code="r">M.-J. Ouriachi et Fr. Fabory --</subfield>
         <subfield code="t">Des jardins, des oliviers et de la vigne aux portes de la cité : À propos de quelques installations agricoles de Gerasa de la Décapole /</subfield>
         <subfield code="r">J. Seigne --</subfield>
         <subfield code="t">Élites de l'Orient romain à la campagne dans l'Antiquité tardive /</subfield>
         <subfield code="r">B. Cabouret --</subfield>
         <subfield code="t">Les travaux de Georges Tate sur la Syrie du Nord et les études sur la Macédoine à la fin du Moyen Âge : un apport commun à la connaissance des campagnes byzantines /</subfield>
         <subfield code="r">V. Puech --</subfield>
         <subfield code="t">Villes et campagnes du pays tlemcénien islamisé : permanences et évolutions? /</subfield>
         <subfield code="r">A. Charpentier.</subfield>
         <subfield code="t">Varia.</subfield>
         <subfield code="t">Esclaves et vin dans l'Athènes classique /</subfield>
         <subfield code="r">M.-M. Mactoux --</subfield>
         <subfield code="t">Retour sur les "révoltes égyptiennes" /</subfield>
         <subfield code="r">A.-E. Veïsse --</subfield>
         <subfield code="t">Les mots de la ville et de la cité dans l'Empire romain /</subfield>
         <subfield code="r">M. Corbier --</subfield>
         <subfield code="t">Énigmes et merveilles de Tyr chez Achille Tatios et Nonnos de Panopolis /</subfield>
         <subfield code="r">P. Chuvin --</subfield>
         <subfield code="t">Pauvres et étrangers en contexte dans les oeuvres de Barhadbesabba 'Arbaia et Jean d'Éphèse /</subfield>
         <subfield code="r">Cl. Fauchon --</subfield>
         <subfield code="t">L'empereur et le calife (690-695) : Réflexions à propos des monnayages de Justinien II et d'Abd al-Malik /</subfield>
         <subfield code="r">C. Morrisson et V. Prigent --</subfield>
         <subfield code="t">Remarques à propos des racines antiques et byzantines de l'architecture islamique d'Occident /</subfield>
         <subfield code="r">M. Terrasse --</subfield>
         <subfield code="t">Vagabondages et pitreries de deux chats dans l'Empire ottoman : Un conte de Câno en araméen moderne /</subfield>
         <subfield code="r">M. Tardieu.</subfield>
      </datafield>
      <datafield tag="651" ind1=" " ind2="0">
         <subfield code="a">Mediterranean Region</subfield>
         <subfield code="x">Antiquities.</subfield>
      </datafield>
      <datafield tag="651" ind1=" " ind2="0">
         <subfield code="a">Mediterranean Region</subfield>
         <subfield code="x">Civilization.</subfield>
      </datafield>
      <datafield tag="651" ind1=" " ind2="7">
         <subfield code="a">Internum Mare.</subfield>
         <subfield code="2">pleiades</subfield>
         <subfield code="0">https://pleiades.stoa.org/places/1043</subfield>
      </datafield>
      <datafield tag="650" ind1=" " ind2="7">
         <subfield code="a">Antiquities.</subfield>
         <subfield code="2">fast</subfield>
         <subfield code="0">(OCoLC)fst00810745</subfield>
      </datafield>
      <datafield tag="650" ind1=" " ind2="7">
         <subfield code="a">Civilization.</subfield>
         <subfield code="2">fast</subfield>
         <subfield code="0">(OCoLC)fst00862898</subfield>
      </datafield>
      <datafield tag="651" ind1=" " ind2="7">
         <subfield code="a">Mediterranean Region.</subfield>
         <subfield code="2">fast</subfield>
         <subfield code="0">(OCoLC)fst01239752</subfield>
      </datafield>
      <datafield tag="700" ind1="1" ind2=" ">
         <subfield code="a">Puech, Vincent,</subfield>
         <subfield code="d">1970-</subfield>
      </datafield>
      <datafield tag="700" ind1="1" ind2=" ">
         <subfield code="a">Charpentier, Gérard.</subfield>
      </datafield>
      <datafield tag="700" ind1="1" ind2=" ">
         <subfield code="a">Tate, Georges.</subfield>
      </datafield>
      <datafield tag="830" ind1=" " ind2="0">
         <subfield code="a">Topoi orient-occident.</subfield>
         <subfield code="p">Supplément ;</subfield>
         <subfield code="v">12.</subfield>
      </datafield>
      <datafield tag="994" ind1=" " ind2=" ">
         <subfield code="a">Z0</subfield>
         <subfield code="b">ZYU</subfield>
      </datafield>
      <datafield tag="OWN" ind1=" " ind2=" ">
         <subfield code="a">GENERAL</subfield>
      </datafield>
      <datafield tag="AVA" ind1=" " ind2=" ">
         <subfield code="a">NYU50</subfield>
         <subfield code="b">NISAW</subfield>
         <subfield code="c">Small Collection</subfield>
         <subfield code="d">DE59 .V555 2013 Non-circulating</subfield>
         <subfield code="e">available</subfield>
         <subfield code="t">Available</subfield>
         <subfield code="f">2</subfield>
         <subfield code="g">0</subfield>
         <subfield code="h">Y</subfield>
         <subfield code="i">0</subfield>
         <subfield code="j">SMALL</subfield>
         <subfield code="k">0</subfield>
      </datafield>
      <marc:datafield tag="852" ind1=" " ind2=" ">
         <marc:subfield code="b">Institute for the Study of the Ancient World, </marc:subfield>
         <marc:subfield code="c">Small Collection</marc:subfield>
         <marc:subfield code="e">15 East 84th St., </marc:subfield>
         <marc:subfield code="e">New York, NY  10028</marc:subfield>
      </marc:datafield>
   </record>