
  
  
  
  
  
  
  
  
  
  
 
  
  <record xsi:schemaLocation="http://www.loc.gov/MARC21/slim http://www.loc.gov/standards/marcxml/schema/MARC21slim.xsd">
      <leader>00000cam a22      i 4500</leader>
      <controlfield tag="FMT">BK</controlfield>
      <controlfield tag="LDR">00000cam a22      i 4500</controlfield>
      <controlfield tag="001">005912599</controlfield>
      <controlfield tag="005">20171201135842.0</controlfield>
      <controlfield tag="008">171122s2017    enkabe   b    000 0 eng</controlfield>
      <datafield tag="010" ind1=" " ind2=" ">
         <subfield code="a">2017010593</subfield>
      </datafield>
      <datafield tag="020" ind1=" " ind2=" ">
         <subfield code="a">9781785706325</subfield>
         <subfield code="q">paperback</subfield>
      </datafield>
      <datafield tag="020" ind1=" " ind2=" ">
         <subfield code="a">1785706322</subfield>
         <subfield code="q">paperback</subfield>
      </datafield>
      <datafield tag="020" ind1=" " ind2=" ">
         <subfield code="z">9781785706332</subfield>
         <subfield code="q">electronic publication</subfield>
      </datafield>
      <datafield tag="024" ind1="8" ind2=" ">
         <subfield code="a">40027423764</subfield>
      </datafield>
      <datafield tag="035" ind1=" " ind2=" ">
         <subfield code="a">(OCoLC)960839135</subfield>
      </datafield>
      <datafield tag="040" ind1=" " ind2=" ">
         <subfield code="a">DLC</subfield>
         <subfield code="b">eng</subfield>
         <subfield code="e">rda</subfield>
         <subfield code="c">DLC</subfield>
         <subfield code="d">YDX</subfield>
         <subfield code="d">BTCTA</subfield>
         <subfield code="d">OCLCO</subfield>
         <subfield code="d">OCLCF</subfield>
         <subfield code="d">YDX</subfield>
         <subfield code="d">OCLCO</subfield>
         <subfield code="d">YUS</subfield>
         <subfield code="d">CHVBK</subfield>
         <subfield code="d">OCLCO</subfield>
         <subfield code="d">NNU</subfield>
      </datafield>
      <datafield tag="042" ind1=" " ind2=" ">
         <subfield code="a">pcc</subfield>
      </datafield>
      <datafield tag="043" ind1=" " ind2=" ">
         <subfield code="a">e-gr---</subfield>
         <subfield code="a">a-tu---</subfield>
      </datafield>
      <datafield tag="050" ind1="0" ind2="0">
         <subfield code="a">GN778.22.A35</subfield>
         <subfield code="b">F76 2017</subfield>
      </datafield>
      <datafield tag="079" ind1=" " ind2=" ">
         <subfield code="a">(OCoLC)960839135</subfield>
      </datafield>
      <datafield tag="082" ind1="0" ind2="0">
         <subfield code="a">930.1/56</subfield>
         <subfield code="2">23</subfield>
      </datafield>
      <datafield tag="245" ind1="0" ind2="0">
         <subfield code="a">From cooking vessels to cultural practices in the late Bronze Age Aegean /</subfield>
         <subfield code="c">edited by Julie Hruby and Debra Trusty.</subfield>
      </datafield>
      <datafield tag="250" ind1=" " ind2=" ">
         <subfield code="a">Paperback edition.</subfield>
      </datafield>
      <datafield tag="264" ind1=" " ind2="1">
         <subfield code="a">Oxford ;</subfield>
         <subfield code="a">Havertown, PA :</subfield>
         <subfield code="b">Oxbow Books,</subfield>
         <subfield code="c">2017.</subfield>
      </datafield>
      <datafield tag="300" ind1=" " ind2=" ">
         <subfield code="a">173 pages :</subfield>
         <subfield code="b">illustrations (some color), maps, plans ;</subfield>
         <subfield code="c">29 cm</subfield>
      </datafield>
      <datafield tag="336" ind1=" " ind2=" ">
         <subfield code="a">text</subfield>
         <subfield code="b">txt</subfield>
         <subfield code="2">rdacontent</subfield>
      </datafield>
      <datafield tag="337" ind1=" " ind2=" ">
         <subfield code="a">unmediated</subfield>
         <subfield code="b">n</subfield>
         <subfield code="2">rdamedia</subfield>
      </datafield>
      <datafield tag="338" ind1=" " ind2=" ">
         <subfield code="a">volume</subfield>
         <subfield code="b">nc</subfield>
         <subfield code="2">rdacarrier</subfield>
      </datafield>
      <datafield tag="520" ind1="2" ind2=" ">
         <subfield code="a">"Late Bronze Age Aegean cooking vessels illuminate prehistoric cultures, foodways, social interactions, and communication systems. While many scholars have focused on the utility of painted fineware vessels for chronological purposes, the contributors to this volume maintain that cooking wares have the potential to answer not only chronological but also economic, political, and social questions when analysed and contrasted with assemblages from different sites or chronological periods. The text is dedicated entirely to prehistoric cooking vessels, compiles evidence from a wide range of Greek sites and incorporates new methodologies and evidence. The contributors utilise a wide variety of analytical approaches and demonstrate the impact that cooking vessels can have on the archaeological interpretation of sites and their inhabitants. These sites include major Late Bronze Age citadels and smaller settlements throughout the Aegean and surrounding Mediterranean area, including Greece, the islands, Crete, Italy, and Cyprus. In particular, contributors highlight socio-economic connections by examining the production methods, fabrics and forms of cooking vessels. Recent improvements in excavation techniques, advances in archaeological sciences, and increasing attention to socioeconomic questions make this is an opportune time to renew conversations about and explore new approaches to cooking vessels and what they can teach us"--Publisher description.</subfield>
      </datafield>
      <datafield tag="504" ind1=" " ind2=" ">
         <subfield code="a">Includes bibliographical references.</subfield>
      </datafield>
      <datafield tag="505" ind1="0" ind2=" ">
         <subfield code="t">Approaches to Bronze Age Greek cooking vessels /</subfield>
         <subfield code="r">Debra Trusty and Julie Hruby --</subfield>
         <subfield code="t">Undervalued and overlooked : the study of Minoan and Mycenaean cooking vessels in the Bronze Age south and west Aegean /</subfield>
         <subfield code="r">Debra Trusty --</subfield>
         <subfield code="t">Finding haute cuisine : identifying shifts in food styles from cooking vessels /</subfield>
         <subfield code="r">Julie Hruby --</subfield>
         <subfield code="t">Mycenaean cooking vessels from Iklaina /</subfield>
         <subfield code="r">Joann Gulizio and Cynthia W. Shelmerdine --</subfield>
         <subfield code="t">Mycenaean cooking pots : attempt at an interregional comparison /</subfield>
         <subfield code="r">Bartlomiej Lis --</subfield>
         <subfield code="t">Aeginetan late Bronze and early Iron Age cooking pottery /</subfield>
         <subfield code="r">Walter Gauss, Evangelia Kiriatzi, Michael Lindblom, Bartlomiej Lis, and Jerolyn E. Morrison --</subfield>
         <subfield code="t">Aegean fusion cuisine : Ayia Irini, Kea as cultural "middle ground" /</subfield>
         <subfield code="r">Evi Gorogianni, Natalie Abell, and Jill Hilditch --</subfield>
         <subfield code="t">Food and cultural identity on Kos during the Bronze Age : a typological, technological, and macroscopic fabric analysis of the storage and cooking pottery assemblage /</subfield>
         <subfield code="r">Salvatore Vitale and Jerolyn E. Morrison --</subfield>
         <subfield code="t">Late Minoan kitchens at Mochlos, Crete /</subfield>
         <subfield code="r">Jerolyn E. Morrison --</subfield>
         <subfield code="t">Cooking vessels and cooking installations in the Mediterranean Bronze Age : a comparative evaluation of household practices in LM IIIC Crete and LBA Italy /</subfield>
         <subfield code="r">Elisabetta Borgna and Sara T. Levi --</subfield>
         <subfield code="t">Cooking vessels from late Bronze Age Cyprus : local traditions, western and eastern innovations /</subfield>
         <subfield code="r">Reinhard Jung --</subfield>
         <subfield code="t">Mycenaean cooking pots : a North American perspective /</subfield>
         <subfield code="r">Michael L. Galaty.</subfield>
      </datafield>
      <datafield tag="650" ind1=" " ind2="0">
         <subfield code="a">Bronze age</subfield>
         <subfield code="z">Aegean Sea Region.</subfield>
      </datafield>
      <datafield tag="650" ind1=" " ind2="0">
         <subfield code="a">Pottery, Ancient</subfield>
         <subfield code="z">Aegean Sea Region.</subfield>
      </datafield>
      <datafield tag="650" ind1=" " ind2="0">
         <subfield code="a">Cookware</subfield>
         <subfield code="z">Aegean Sea Region</subfield>
         <subfield code="x">History</subfield>
         <subfield code="y">To 1500.</subfield>
      </datafield>
      <datafield tag="650" ind1=" " ind2="0">
         <subfield code="a">Material culture</subfield>
         <subfield code="z">Aegean Sea Region</subfield>
         <subfield code="x">History</subfield>
         <subfield code="y">To 1500.</subfield>
      </datafield>
      <datafield tag="651" ind1=" " ind2="0">
         <subfield code="a">Aegean Sea Region</subfield>
         <subfield code="x">Antiquities.</subfield>
      </datafield>
      <datafield tag="651" ind1=" " ind2="0">
         <subfield code="a">Aegean Sea Region</subfield>
         <subfield code="x">Social life and customs.</subfield>
      </datafield>
      <datafield tag="650" ind1=" " ind2="0">
         <subfield code="a">Excavations (Archaeology)</subfield>
         <subfield code="z">Aegean Sea Region.</subfield>
      </datafield>
      <datafield tag="650" ind1=" " ind2="0">
         <subfield code="a">Social archaeology</subfield>
         <subfield code="z">Aegean Sea Region.</subfield>
      </datafield>
      <datafield tag="651" ind1=" " ind2="7">
         <subfield code="a">Aegaeum Mare.</subfield>
         <subfield code="2">pleiades</subfield>
         <subfield code="0">https://pleiades.stoa.org/places/560221</subfield>
         <subfield code="5">NyNyUAW</subfield>
      </datafield>
      <datafield tag="650" ind1=" " ind2="7">
         <subfield code="a">Antiquities.</subfield>
         <subfield code="2">fast</subfield>
         <subfield code="0">(OCoLC)fst00810745</subfield>
      </datafield>
      <datafield tag="650" ind1=" " ind2="7">
         <subfield code="a">Bronze age.</subfield>
         <subfield code="2">fast</subfield>
         <subfield code="0">(OCoLC)fst00839439</subfield>
      </datafield>
      <datafield tag="650" ind1=" " ind2="7">
         <subfield code="a">Cookware.</subfield>
         <subfield code="2">fast</subfield>
         <subfield code="0">(OCoLC)fst00878058</subfield>
      </datafield>
      <datafield tag="650" ind1=" " ind2="7">
         <subfield code="a">Excavations (Archaeology)</subfield>
         <subfield code="2">fast</subfield>
         <subfield code="0">(OCoLC)fst00917564</subfield>
      </datafield>
      <datafield tag="650" ind1=" " ind2="7">
         <subfield code="a">Manners and customs.</subfield>
         <subfield code="2">fast</subfield>
         <subfield code="0">(OCoLC)fst01007815</subfield>
      </datafield>
      <datafield tag="650" ind1=" " ind2="7">
         <subfield code="a">Material culture.</subfield>
         <subfield code="2">fast</subfield>
         <subfield code="0">(OCoLC)fst01011739</subfield>
      </datafield>
      <datafield tag="650" ind1=" " ind2="7">
         <subfield code="a">Pottery, Ancient.</subfield>
         <subfield code="2">fast</subfield>
         <subfield code="0">(OCoLC)fst01073658</subfield>
      </datafield>
      <datafield tag="650" ind1=" " ind2="7">
         <subfield code="a">Social archaeology.</subfield>
         <subfield code="2">fast</subfield>
         <subfield code="0">(OCoLC)fst01122274</subfield>
      </datafield>
      <datafield tag="651" ind1=" " ind2="7">
         <subfield code="a">Europe</subfield>
         <subfield code="z">Aegean Sea Region.</subfield>
         <subfield code="2">fast</subfield>
         <subfield code="0">(OCoLC)fst01725082</subfield>
      </datafield>
      <datafield tag="650" ind1=" " ind2="7">
         <subfield code="a">Bronzezeit.</subfield>
         <subfield code="2">gnd</subfield>
         <subfield code="0">(DE-588)4008357-3</subfield>
      </datafield>
      <datafield tag="650" ind1=" " ind2="7">
         <subfield code="a">Gebrauchskeramik.</subfield>
         <subfield code="2">gnd</subfield>
         <subfield code="0">(DE-588)4197509-1</subfield>
      </datafield>
      <datafield tag="650" ind1=" " ind2="7">
         <subfield code="a">Kochgeschirr.</subfield>
         <subfield code="2">gnd</subfield>
         <subfield code="0">(DE-588)4345422-7</subfield>
      </datafield>
      <datafield tag="650" ind1=" " ind2="7">
         <subfield code="a">Ägäische Kultur.</subfield>
         <subfield code="2">gnd</subfield>
         <subfield code="0">(DE-588)4068427-1</subfield>
      </datafield>
      <datafield tag="650" ind1=" " ind2="7">
         <subfield code="a">Kultgerät.</subfield>
         <subfield code="2">gnd</subfield>
         <subfield code="0">(DE-588)4165946-6</subfield>
      </datafield>
      <datafield tag="651" ind1=" " ind2="7">
         <subfield code="a">Ägäis.</subfield>
         <subfield code="2">gnd</subfield>
         <subfield code="0">(DE-588)4068425-8</subfield>
      </datafield>
      <datafield tag="648" ind1=" " ind2="7">
         <subfield code="a">To 1500.</subfield>
         <subfield code="2">fast</subfield>
      </datafield>
      <datafield tag="655" ind1=" " ind2="7">
         <subfield code="a">History.</subfield>
         <subfield code="2">fast</subfield>
         <subfield code="0">(OCoLC)fst01411628</subfield>
      </datafield>
      <datafield tag="700" ind1="1" ind2=" ">
         <subfield code="a">Hruby, Julie,</subfield>
         <subfield code="e">editor.</subfield>
      </datafield>
      <datafield tag="700" ind1="1" ind2=" ">
         <subfield code="a">Trusty, Debra,</subfield>
         <subfield code="e">editor.</subfield>
      </datafield>
      <datafield tag="776" ind1="0" ind2="8">
         <subfield code="i">Online version:</subfield>
         <subfield code="t">From cooking vessels to cultural practices in the late Bronze Age Aegean</subfield>
         <subfield code="b">Paperback edition.</subfield>
         <subfield code="d">Oxford ; Philadelphia : Oxbow Books, 2017</subfield>
         <subfield code="z">9781785706332</subfield>
         <subfield code="w">(DLC) 2017028160</subfield>
      </datafield>
      <datafield tag="OWN" ind1=" " ind2=" ">
         <subfield code="a">GENERAL</subfield>
      </datafield>
      <datafield tag="AVA" ind1=" " ind2=" ">
         <subfield code="a">NYU50</subfield>
         <subfield code="b">BOBST</subfield>
         <subfield code="c">Main Collection</subfield>
         <subfield code="d">GN778.22.A35 F76 2017</subfield>
         <subfield code="e">available</subfield>
         <subfield code="t">Available</subfield>
         <subfield code="f">1</subfield>
         <subfield code="g">0</subfield>
         <subfield code="h">N</subfield>
         <subfield code="i">0</subfield>
         <subfield code="j">MAIN</subfield>
         <subfield code="k">0</subfield>
      </datafield>
      <datafield tag="AVA" ind1=" " ind2=" ">
         <subfield code="a">NYU50</subfield>
         <subfield code="b">NISAW</subfield>
         <subfield code="c">Large Collection</subfield>
         <subfield code="d">GN778.22.A35 F76 2017 Non-circulating</subfield>
         <subfield code="e">available</subfield>
         <subfield code="t">Available</subfield>
         <subfield code="f">1</subfield>
         <subfield code="g">0</subfield>
         <subfield code="h">N</subfield>
         <subfield code="i">0</subfield>
         <subfield code="j">LARGE</subfield>
         <subfield code="k">0</subfield>
      </datafield>
      <marc:datafield tag="852" ind1=" " ind2=" ">
         <marc:subfield code="b">Institute for the Study of the Ancient World, </marc:subfield>
         <marc:subfield code="c">Large Collection</marc:subfield>
         <marc:subfield code="e">15 East 84th St., </marc:subfield>
         <marc:subfield code="e">New York, NY  10028</marc:subfield>
      </marc:datafield>
   </record>