
  
  
  
  
  
  
  
  
  
  
 
  
  <record xsi:schemaLocation="http://www.loc.gov/MARC21/slim http://www.loc.gov/standards/marcxml/schema/MARC21slim.xsd">
      <leader>00000cam a22      i 4500</leader>
      <controlfield tag="FMT">BK</controlfield>
      <controlfield tag="LDR">00000cam a22      i 4500</controlfield>
      <controlfield tag="001">005915544</controlfield>
      <controlfield tag="005">20171201140013.0</controlfield>
      <controlfield tag="008">171128t20132013be abe   b    100 0 eng</controlfield>
      <datafield tag="010" ind1=" " ind2=" ">
         <subfield code="a">2014374154</subfield>
      </datafield>
      <datafield tag="020" ind1=" " ind2=" ">
         <subfield code="a">9782875581242</subfield>
      </datafield>
      <datafield tag="020" ind1=" " ind2=" ">
         <subfield code="a">2875581244</subfield>
      </datafield>
      <datafield tag="020" ind1=" " ind2=" ">
         <subfield code="z">9782875881259</subfield>
         <subfield code="q">(pdf)</subfield>
      </datafield>
      <datafield tag="035" ind1=" " ind2=" ">
         <subfield code="a">(OCoLC)857819164</subfield>
      </datafield>
      <datafield tag="040" ind1=" " ind2=" ">
         <subfield code="a">DLC</subfield>
         <subfield code="b">eng</subfield>
         <subfield code="e">rda</subfield>
         <subfield code="c">PUL</subfield>
         <subfield code="d">C3L</subfield>
         <subfield code="d">JPG</subfield>
         <subfield code="d">OHX</subfield>
         <subfield code="d">CDX</subfield>
         <subfield code="d">IUL</subfield>
         <subfield code="d">OCLCO</subfield>
         <subfield code="d">OCLCF</subfield>
         <subfield code="d">OCL</subfield>
         <subfield code="d">OCLCO</subfield>
         <subfield code="d">MZA</subfield>
         <subfield code="d">LRU</subfield>
      </datafield>
      <datafield tag="041" ind1="0" ind2=" ">
         <subfield code="a">eng</subfield>
         <subfield code="a">fre</subfield>
      </datafield>
      <datafield tag="042" ind1=" " ind2=" ">
         <subfield code="a">pcc</subfield>
      </datafield>
      <datafield tag="043" ind1=" " ind2=" ">
         <subfield code="a">mm-----</subfield>
         <subfield code="a">e------</subfield>
         <subfield code="a">aw-----</subfield>
         <subfield code="a">ff-----</subfield>
      </datafield>
      <datafield tag="050" ind1="0" ind2="0">
         <subfield code="a">CC175</subfield>
         <subfield code="b">.D47 2013</subfield>
      </datafield>
      <datafield tag="050" ind1=" " ind2="4">
         <subfield code="a">DE60</subfield>
         <subfield code="b">.D47 2013</subfield>
      </datafield>
      <datafield tag="072" ind1=" " ind2="7">
         <subfield code="a">CC</subfield>
         <subfield code="2">lcco</subfield>
      </datafield>
      <datafield tag="079" ind1=" " ind2=" ">
         <subfield code="a">(OCoLC)857819164</subfield>
      </datafield>
      <datafield tag="082" ind1="0" ind2="4">
         <subfield code="a">930.1</subfield>
      </datafield>
      <datafield tag="245" ind1="0" ind2="0">
         <subfield code="a">Destruction :</subfield>
         <subfield code="b">archaeological, philological and historical perspectives /</subfield>
         <subfield code="c">edited by Jan Driessen.</subfield>
      </datafield>
      <datafield tag="264" ind1=" " ind2="1">
         <subfield code="a">Louvain-la-Neuve :</subfield>
         <subfield code="b">UCL, Presses universitaires de Louvain,</subfield>
         <subfield code="c">[2013]</subfield>
      </datafield>
      <datafield tag="264" ind1=" " ind2="4">
         <subfield code="c">©2013</subfield>
      </datafield>
      <datafield tag="300" ind1=" " ind2=" ">
         <subfield code="a">489 pages :</subfield>
         <subfield code="b">illustrations (some color), maps (some color), plans (some color) ;</subfield>
         <subfield code="c">24 cm</subfield>
      </datafield>
      <datafield tag="336" ind1=" " ind2=" ">
         <subfield code="a">text</subfield>
         <subfield code="2">rdacontent</subfield>
      </datafield>
      <datafield tag="336" ind1=" " ind2=" ">
         <subfield code="a">still image</subfield>
         <subfield code="2">rdacontent</subfield>
      </datafield>
      <datafield tag="337" ind1=" " ind2=" ">
         <subfield code="a">unmediated</subfield>
         <subfield code="2">rdamedia</subfield>
      </datafield>
      <datafield tag="338" ind1=" " ind2=" ">
         <subfield code="a">volume</subfield>
         <subfield code="2">rdacarrier</subfield>
      </datafield>
      <datafield tag="500" ind1=" " ind2=" ">
         <subfield code="a">Papers presented at a conference held in Louvain-la-Neuve in Belgium, from November 24 to 26, 2011, and organized by CEMA, Centre d'étude des mondes antiques.</subfield>
      </datafield>
      <datafield tag="546" ind1=" " ind2=" ">
         <subfield code="a">In English and French.</subfield>
      </datafield>
      <datafield tag="504" ind1=" " ind2=" ">
         <subfield code="a">Includes bibliographical references.</subfield>
      </datafield>
      <datafield tag="520" ind1="8" ind2=" ">
         <subfield code="a">"Destruction remains a relatively unexplored and badly understood topic in archaeology and history. The term itself refers to some form and measurable degree of damage inflicted to an object, a system or a being, usually exceeding the stage during which repair is still possible, but most often it is examined for its impact with destructive events interpreted in terms of a punctuated equilibrium, extraordinary features that represent the end of an archaeological culture or historical phase and the beginning of a new one. The three-day international workshop of which this volume presents the proceedings took place at Louvain-la-Neuve in Belgium, from November 24 to 26, 2011, and was organized by CEMA -- Centre d'étude des mondes antiques -- one of the research centres within INCAL -- Institut de[s] civilisations, arts et lettres. Our aim with organising this gathering was to seriously engage with destruction as a phenomenon and how it is perceived by archaeologists, historians and philologists of the ancient world."--Back cover (page 4 of cover).</subfield>
      </datafield>
      <datafield tag="505" ind1="0" ind2="0">
         <subfield code="t">Time capsules? /</subfield>
         <subfield code="r">Jan Driessen --</subfield>
         <subfield code="t">Nous sommes à l'âge de la Dévastation /</subfield>
         <subfield code="r">Laurent Olivier --</subfield>
         <subfield code="t">Embracing destruction /</subfield>
         <subfield code="r">Alfredo González-Ruibal --</subfield>
         <subfield code="t">Deconstructing destructions /</subfield>
         <subfield code="r">Tim Cunningham --</subfield>
         <subfield code="t">Destruction and the formation of static and dynamic settlement structures in the Aegean /</subfield>
         <subfield code="r">Donald C. Haggis --</subfield>
         <subfield code="t">Destruction of places by fire /</subfield>
         <subfield code="r">Ruth Tringham --</subfield>
         <subfield code="t">Destroying the means of production /</subfield>
         <subfield code="r">Anna Stroulia, Danai Chondrou --</subfield>
         <subfield code="t">Living through destructions /</subfield>
         <subfield code="r">Simona Todaro, Lucia Girella --</subfield>
         <subfield code="t">Destroying the snake goddesses /</subfield>
         <subfield code="r">Anna Simandiraki-Grimshaw, Fay Stevens --</subfield>
         <subfield code="t">The view from the day after /</subfield>
         <subfield code="r">Dario Puglisi --</subfield>
         <subfield code="t">L'archéosismologie : un cadre conceptuel /</subfield>
         <subfield code="r">Simon Jusseret, Charlotte Langohr et Manuel Sintubin --</subfield>
         <subfield code="t">Destruction and identity /</subfield>
         <subfield code="r">Louise Hitchcock --</subfield>
         <subfield code="t">The destruction of the Mycenaean palaces and the construction of the epic world /</subfield>
         <subfield code="r">Manolis Mikrakis --</subfield>
         <subfield code="t">La notion de "destruction" entre oblitération, conservation et pratiques rituelles /</subfield>
         <subfield code="r">Mario Denti --</subfield>
         <subfield code="t">Destructions at the grave /</subfield>
         <subfield code="r">Alexandra Alexandridou --</subfield>
         <subfield code="t">The "killing" of a city : a destruction by enforced abandonment /</subfield>
         <subfield code="r">Florence Gaignerot-Driessen --</subfield>
         <subfield code="t">After destruction : taking care of remains at the sanctuary of Eukleia at Vergina /</subfield>
         <subfield code="r">Athanasia Kyriakou, Alexander Tourtas --</subfield>
         <subfield code="t">Catastrophe or resilience? /</subfield>
         <subfield code="r">Ryan Boehm --</subfield>
         <subfield code="t">Les séismes comme cause de destruction /</subfield>
         <subfield code="r">Ludovic Thély --</subfield>
         <subfield code="t">Spolia and spoilage of the archaeological environment /</subfield>
         <subfield code="r">Stavros Oikonomidis --</subfield>
         <subfield code="t">La destruction cyclique en contexte cultuel /</subfield>
         <subfield code="r">Laure Meulemans, Sylvia Piermarini --</subfield>
         <subfield code="t">Construction and destruction /</subfield>
         <subfield code="r">Michele Scalici, Alessia Mancini --</subfield>
         <subfield code="t">Poids symbolique de la destruction et enjeux idéologiques de ses récits /</subfield>
         <subfield code="r">Pierre Assenmaker --</subfield>
         <subfield code="t">La destruction délibérée des statues pour des raisons politiques dans le monde romain /</subfield>
         <subfield code="r">Matteo Cadario --</subfield>
         <subfield code="t">The sanctuary of Iuppiter Heliopolitanus at Carnuntum /</subfield>
         <subfield code="r">Eva Steigberger, Barbara Tober --</subfield>
      </datafield>
      <datafield tag="505" ind1="8" ind2="0">
         <subfield code="t">Destruction, transformation et refonctionnalisation /</subfield>
         <subfield code="r">Marco Cavalieri --</subfield>
         <subfield code="t">Evidence of destruction in Tell Barri /</subfield>
         <subfield code="r">Rocco Palermo.</subfield>
      </datafield>
      <datafield tag="650" ind1=" " ind2="0">
         <subfield code="a">Antiquities</subfield>
         <subfield code="v">Congresses.</subfield>
      </datafield>
      <datafield tag="650" ind1=" " ind2="0">
         <subfield code="a">Archaeology</subfield>
         <subfield code="v">Congresses.</subfield>
      </datafield>
      <datafield tag="650" ind1=" " ind2="0">
         <subfield code="a">Classical antiquities</subfield>
         <subfield code="v">Congresses.</subfield>
      </datafield>
      <datafield tag="650" ind1=" " ind2="0">
         <subfield code="a">Salvage archaeology</subfield>
         <subfield code="v">Congresses.</subfield>
      </datafield>
      <datafield tag="651" ind1=" " ind2="0">
         <subfield code="a">Mediterranean Region</subfield>
         <subfield code="x">Antiquities</subfield>
         <subfield code="v">Congresses.</subfield>
      </datafield>
      <datafield tag="651" ind1=" " ind2="0">
         <subfield code="a">Rome</subfield>
         <subfield code="x">Antiquities</subfield>
         <subfield code="v">Congresses.</subfield>
      </datafield>
      <datafield tag="650" ind1=" " ind2="0">
         <subfield code="a">Lost architecture</subfield>
         <subfield code="z">Mediterranean Region</subfield>
         <subfield code="v">Congresses.</subfield>
      </datafield>
      <datafield tag="650" ind1=" " ind2="0">
         <subfield code="a">Lost architecture</subfield>
         <subfield code="z">Rome</subfield>
         <subfield code="v">Congresses.</subfield>
      </datafield>
      <datafield tag="650" ind1=" " ind2="0">
         <subfield code="a">Disasters</subfield>
         <subfield code="z">Mediterranean Region</subfield>
         <subfield code="x">History</subfield>
         <subfield code="y">To 1500</subfield>
         <subfield code="v">Congresses.</subfield>
      </datafield>
      <datafield tag="650" ind1=" " ind2="0">
         <subfield code="a">Disasters</subfield>
         <subfield code="z">Rome</subfield>
         <subfield code="x">History</subfield>
         <subfield code="y">To 1500</subfield>
         <subfield code="v">Congresses.</subfield>
      </datafield>
      <datafield tag="650" ind1=" " ind2="7">
         <subfield code="a">Antiquities.</subfield>
         <subfield code="2">fast</subfield>
         <subfield code="0">(OCoLC)fst00810745</subfield>
      </datafield>
      <datafield tag="650" ind1=" " ind2="7">
         <subfield code="a">Archaeology.</subfield>
         <subfield code="2">fast</subfield>
         <subfield code="0">(OCoLC)fst00812938</subfield>
      </datafield>
      <datafield tag="650" ind1=" " ind2="7">
         <subfield code="a">Classical antiquities.</subfield>
         <subfield code="2">fast</subfield>
         <subfield code="0">(OCoLC)fst00863445</subfield>
      </datafield>
      <datafield tag="650" ind1=" " ind2="7">
         <subfield code="a">Disasters.</subfield>
         <subfield code="2">fast</subfield>
         <subfield code="0">(OCoLC)fst00894782</subfield>
      </datafield>
      <datafield tag="650" ind1=" " ind2="7">
         <subfield code="a">Lost architecture.</subfield>
         <subfield code="2">fast</subfield>
         <subfield code="0">(OCoLC)fst01002644</subfield>
      </datafield>
      <datafield tag="650" ind1=" " ind2="7">
         <subfield code="a">Salvage archaeology.</subfield>
         <subfield code="2">fast</subfield>
         <subfield code="0">(OCoLC)fst01104415</subfield>
      </datafield>
      <datafield tag="651" ind1=" " ind2="7">
         <subfield code="a">Mediterranean Region.</subfield>
         <subfield code="2">fast</subfield>
         <subfield code="0">(OCoLC)fst01239752</subfield>
      </datafield>
      <datafield tag="651" ind1=" " ind2="7">
         <subfield code="a">Rome (Empire)</subfield>
         <subfield code="2">fast</subfield>
         <subfield code="0">(OCoLC)fst01204885</subfield>
      </datafield>
      <datafield tag="648" ind1=" " ind2="7">
         <subfield code="a">To 1500.</subfield>
         <subfield code="2">fast</subfield>
      </datafield>
      <datafield tag="655" ind1=" " ind2="7">
         <subfield code="a">Conference papers and proceedings.</subfield>
         <subfield code="2">fast</subfield>
         <subfield code="0">(OCoLC)fst01423772</subfield>
      </datafield>
      <datafield tag="655" ind1=" " ind2="7">
         <subfield code="a">History.</subfield>
         <subfield code="2">fast</subfield>
         <subfield code="0">(OCoLC)fst01411628</subfield>
      </datafield>
      <datafield tag="700" ind1="1" ind2=" ">
         <subfield code="a">Driessen, Jan,</subfield>
         <subfield code="e">editor.</subfield>
      </datafield>
      <datafield tag="710" ind1="2" ind2=" ">
         <subfield code="a">Université catholique de Louvain (1970- ).</subfield>
         <subfield code="b">Centre d'étude des mondes antiques,</subfield>
         <subfield code="e">host institution.</subfield>
      </datafield>
      <datafield tag="OWN" ind1=" " ind2=" ">
         <subfield code="a">GENERAL</subfield>
      </datafield>
      <datafield tag="AVA" ind1=" " ind2=" ">
         <subfield code="a">NYU50</subfield>
         <subfield code="b">NISAW</subfield>
         <subfield code="c">Small Collection</subfield>
         <subfield code="d">CC175 .D47 2013 Non-circulating</subfield>
         <subfield code="e">available</subfield>
         <subfield code="t">Available</subfield>
         <subfield code="f">1</subfield>
         <subfield code="g">0</subfield>
         <subfield code="h">N</subfield>
         <subfield code="i">0</subfield>
         <subfield code="j">SMALL</subfield>
         <subfield code="k">0</subfield>
      </datafield>
      <marc:datafield tag="852" ind1=" " ind2=" ">
         <marc:subfield code="b">Institute for the Study of the Ancient World, </marc:subfield>
         <marc:subfield code="c">Small Collection</marc:subfield>
         <marc:subfield code="e">15 East 84th St., </marc:subfield>
         <marc:subfield code="e">New York, NY  10028</marc:subfield>
      </marc:datafield>
   </record>