
  
  
  
  
  
  
  
  
  
  
  
  
 
  
  <record xsi:schemaLocation="http://www.loc.gov/MARC21/slim http://www.loc.gov/standards/marcxml/schema/MARC21slim.xsd">
      <leader>00000cam a2200553Ii 4500</leader>
      <controlfield tag="FMT">BK</controlfield>
      <controlfield tag="LDR">00000cam a2200553Ii 4500</controlfield>
      <controlfield tag="001">005913447</controlfield>
      <controlfield tag="003">OCoLC</controlfield>
      <controlfield tag="005">20171202021608.0</controlfield>
      <controlfield tag="008">171128s2016    gw ab    b    001 0 ger d</controlfield>
      <datafield tag="016" ind1="7" ind2=" ">
         <subfield code="a">1121124259</subfield>
         <subfield code="2">DE-101</subfield>
      </datafield>
      <datafield tag="020" ind1=" " ind2=" ">
         <subfield code="a">9783867572606</subfield>
         <subfield code="q">(set ;</subfield>
         <subfield code="q">hardback)</subfield>
      </datafield>
      <datafield tag="020" ind1=" " ind2=" ">
         <subfield code="a">3867572607</subfield>
         <subfield code="q">(set ;</subfield>
         <subfield code="q">hardback)</subfield>
      </datafield>
      <datafield tag="024" ind1="3" ind2=" ">
         <subfield code="a">9783867572606</subfield>
      </datafield>
      <datafield tag="035" ind1=" " ind2=" ">
         <subfield code="a">(OCoLC)967144443</subfield>
         <subfield code="z">(OCoLC)1001220408</subfield>
      </datafield>
      <datafield tag="040" ind1=" " ind2=" ">
         <subfield code="a">OHX</subfield>
         <subfield code="b">eng</subfield>
         <subfield code="e">rda</subfield>
         <subfield code="c">OHX</subfield>
         <subfield code="d">EMU</subfield>
         <subfield code="d">LTSCA</subfield>
         <subfield code="d">STF</subfield>
         <subfield code="d">OCLCF</subfield>
         <subfield code="d">OCLCQ</subfield>
         <subfield code="d">UEJ</subfield>
         <subfield code="d">ZYU</subfield>
      </datafield>
      <datafield tag="041" ind1="0" ind2=" ">
         <subfield code="a">ger</subfield>
         <subfield code="a">eng</subfield>
         <subfield code="a">grc</subfield>
         <subfield code="a">lat</subfield>
      </datafield>
      <datafield tag="043" ind1=" " ind2=" ">
         <subfield code="a">f-ua---</subfield>
      </datafield>
      <datafield tag="050" ind1=" " ind2="4">
         <subfield code="a">HC33</subfield>
         <subfield code="b">.R45 2016</subfield>
      </datafield>
      <datafield tag="050" ind1=" " ind2="4">
         <subfield code="a">DT70</subfield>
         <subfield code="b">.R45 2016</subfield>
      </datafield>
      <datafield tag="079" ind1=" " ind2=" ">
         <subfield code="a">(OCoLC)967144443</subfield>
      </datafield>
      <datafield tag="090" ind1=" " ind2=" ">
         <subfield code="a">PA3343</subfield>
         <subfield code="b">.R45 2016</subfield>
      </datafield>
      <datafield tag="100" ind1="1" ind2=" ">
         <subfield code="a">Reinard, Patrick,</subfield>
         <subfield code="e">author.</subfield>
      </datafield>
      <datafield tag="245" ind1="1" ind2="0">
         <subfield code="a">Kommunikation und Ökonomie :</subfield>
         <subfield code="b">Untersuchungen zu den privaten Papyrusbriefen aus dem kaiserzeitlichen Ägypten /</subfield>
         <subfield code="c">Patrick Reinard.</subfield>
      </datafield>
      <datafield tag="264" ind1=" " ind2="1">
         <subfield code="a">Rahden/Westf. :</subfield>
         <subfield code="b">VML, Verlag Marie Leidorf,</subfield>
         <subfield code="c">2016.</subfield>
      </datafield>
      <datafield tag="300" ind1=" " ind2=" ">
         <subfield code="a">2 volumes (1160 pages) :</subfield>
         <subfield code="b">29 illustrations, 3 maps ;</subfield>
         <subfield code="c">23 cm.</subfield>
      </datafield>
      <datafield tag="336" ind1=" " ind2=" ">
         <subfield code="a">still image</subfield>
         <subfield code="b">sti</subfield>
         <subfield code="2">rdacontent</subfield>
      </datafield>
      <datafield tag="336" ind1=" " ind2=" ">
         <subfield code="a">text</subfield>
         <subfield code="b">txt</subfield>
         <subfield code="2">rdacontent</subfield>
      </datafield>
      <datafield tag="337" ind1=" " ind2=" ">
         <subfield code="a">unmediated</subfield>
         <subfield code="b">n</subfield>
         <subfield code="2">rdamedia</subfield>
      </datafield>
      <datafield tag="338" ind1=" " ind2=" ">
         <subfield code="a">volume</subfield>
         <subfield code="b">nc</subfield>
         <subfield code="2">rdacarrier</subfield>
      </datafield>
      <datafield tag="490" ind1="1" ind2=" ">
         <subfield code="a">Pharos (St. Katharinen, Germany),</subfield>
         <subfield code="x">1435-6457 ;</subfield>
         <subfield code="v">Band 32</subfield>
      </datafield>
      <datafield tag="500" ind1=" " ind2=" ">
         <subfield code="a">Based on the author's thesis (doctoral)--Universität Marburg, 2014.</subfield>
      </datafield>
      <datafield tag="504" ind1=" " ind2=" ">
         <subfield code="a">Includes bibliographical references and index.</subfield>
      </datafield>
      <datafield tag="505" ind1="0" ind2="0">
         <subfield code="g">Vorwort --</subfield>
         <subfield code="t">Praeludium : ein Panorama des alltäglichen Lebens in zehn Beispielen --</subfield>
         <subfield code="g">Einleitung --</subfield>
         <subfield code="t">Relevanz, Zielsetzung I, Quellenlage, Aufbau, Apologetisches, Handwerkliches --</subfield>
         <subfield code="t">Relevanz --</subfield>
         <subfield code="t">Zielsetzung I --</subfield>
         <subfield code="t">Quellenlage --</subfield>
         <subfield code="t">Aufbau --</subfield>
         <subfield code="t">Apologetisches --</subfield>
         <subfield code="t">Handwerkliches zu dieser Arbeit --</subfield>
         <subfield code="t">Forschungsstand --</subfield>
         <subfield code="t">Papyrusbriefe --</subfield>
         <subfield code="t">Antike Wirtschaftsgeschichte : "ein akademisches Schlachtfeld" --</subfield>
         <subfield code="t">Zielsetzung II --</subfield>
         <subfield code="t">Definitiones : Begriffe und ihr Gebrauch in dieser Arbeit --</subfield>
         <subfield code="t">Was ist ein Brief? --</subfield>
         <subfield code="t">Brief : Wortbedeutung und Wortverwendung --</subfield>
         <subfield code="t">Der Brief als Literaturgattung : eine Abgrenzung zu den Papyrusbriefen --</subfield>
         <subfield code="t">Was ist ein Brief? : eine textlinguistische Betrachung --</subfield>
         <subfield code="t">Versuch einer eigenen Definition und quellenkritischen Einordnung --</subfield>
         <subfield code="t">Zwei Kriterien --</subfield>
         <subfield code="t">Fern und doch so nah : die Imagination der Anwesenheit --</subfield>
         <subfield code="t">Quellenkritik und Methodik --</subfield>
         <subfield code="t">Briefgattungen : Allgemeines --</subfield>
         <subfield code="t">Kondolenzbriefe -- "Gegen den Tod können wir nichts ausrichten" : Todesnachrichten in Briefen --</subfield>
         <subfield code="t">Empfehlungsbriefe --</subfield>
         <subfield code="t">Freundschaftsbriefe --</subfield>
         <subfield code="t">Doppelbriefe --</subfield>
         <subfield code="t">Begleit- und Ankündigungsbriefe, oder : die Unmöglichkeit einer definitorischen Kategorisierung --</subfield>
         <subfield code="t">Briefmaterial --</subfield>
         <subfield code="t">Verkanntes Potenzial : Briefe als Quelle für die antike Wirtschaftsgeschichte --</subfield>
         <subfield code="t">Der Ausgangspunkt : Warentransfer in den Papyrusbriefen : eine Auswahl --</subfield>
         <subfield code="t">Vorbemerkungen --</subfield>
         <subfield code="t">Tabellarische Auflistung versendeter Waren --</subfield>
         <subfield code="t">Griechische Termini --</subfield>
         <subfield code="t">Lateinische Termini --</subfield>
         <subfield code="t">Eine kurze Auswertung --</subfield>
         <subfield code="t">Allgemeines --</subfield>
         <subfield code="t">Getreide --</subfield>
         <subfield code="t">Brot, Mehl, Kuchen --</subfield>
         <subfield code="t">Früchte, Hülsenfrüchte, Obst --</subfield>
         <subfield code="t">Honig, Honigkuchen, Wachs --</subfield>
         <subfield code="t">Oliven und Olivenöl --</subfield>
         <subfield code="t">Fleisch und Tiere --</subfield>
         <subfield code="t">Käse --</subfield>
         <subfield code="t">Wein und Weinessig --</subfield>
         <subfield code="t">Bier und Malz --</subfield>
         <subfield code="t">Garum, Senf und Most --</subfield>
         <subfield code="t">Fisch, "Zukost", konservierte Speisen --</subfield>
         <subfield code="t">Gemüse --</subfield>
         <subfield code="t">Ergo, Hercules, vita humanior sine sale non quit degi : Salz und Gewürze --</subfield>
         <subfield code="t">Eier -- Werkzeuge, Werkutensilien, häusliche Geräte, Material, Med</subfield>
      </datafield>
      <datafield tag="546" ind1=" " ind2=" ">
         <subfield code="a">Includes passages in Greek, Latin and English.</subfield>
      </datafield>
      <datafield tag="651" ind1=" " ind2="0">
         <subfield code="a">Egypt</subfield>
         <subfield code="x">Economic conditions</subfield>
         <subfield code="y">332 B.C.-640 A.D.</subfield>
         <subfield code="v">Sources.</subfield>
      </datafield>
      <datafield tag="651" ind1=" " ind2="0">
         <subfield code="a">Egypt</subfield>
         <subfield code="x">Social life and customs</subfield>
         <subfield code="v">Sources.</subfield>
      </datafield>
      <datafield tag="651" ind1=" " ind2="0">
         <subfield code="a">Egypt</subfield>
         <subfield code="x">History</subfield>
         <subfield code="y">Greco-Roman period, 332 B.C.-640 A.D.</subfield>
         <subfield code="v">Sources.</subfield>
      </datafield>
      <datafield tag="650" ind1=" " ind2="0">
         <subfield code="a">Manuscripts (Papyri)</subfield>
      </datafield>
      <datafield tag="651" ind1=" " ind2="7">
         <subfield code="a">Aegyptus.</subfield>
         <subfield code="2">pleiades</subfield>
         <subfield code="0">https://pleiades.stoa.org/places/766</subfield>
      </datafield>
      <datafield tag="650" ind1=" " ind2="7">
         <subfield code="a">Economic history.</subfield>
         <subfield code="2">fast</subfield>
         <subfield code="0">(OCoLC)fst00901974</subfield>
      </datafield>
      <datafield tag="650" ind1=" " ind2="7">
         <subfield code="a">Manners and customs.</subfield>
         <subfield code="2">fast</subfield>
         <subfield code="0">(OCoLC)fst01007815</subfield>
      </datafield>
      <datafield tag="650" ind1=" " ind2="7">
         <subfield code="a">Manuscripts (Papyri)</subfield>
         <subfield code="2">fast</subfield>
         <subfield code="0">(OCoLC)fst01008260</subfield>
      </datafield>
      <datafield tag="651" ind1=" " ind2="7">
         <subfield code="a">Egypt.</subfield>
         <subfield code="2">fast</subfield>
         <subfield code="0">(OCoLC)fst01208755</subfield>
      </datafield>
      <datafield tag="648" ind1=" " ind2="7">
         <subfield code="a">332 B.C.-640 A.D.</subfield>
         <subfield code="2">fast</subfield>
      </datafield>
      <datafield tag="655" ind1=" " ind2="7">
         <subfield code="a">History.</subfield>
         <subfield code="2">fast</subfield>
         <subfield code="0">(OCoLC)fst01411628</subfield>
      </datafield>
      <datafield tag="655" ind1=" " ind2="7">
         <subfield code="a">Sources.</subfield>
         <subfield code="2">fast</subfield>
         <subfield code="0">(OCoLC)fst01423900</subfield>
      </datafield>
      <datafield tag="830" ind1=" " ind2="0">
         <subfield code="a">Pharos (St. Katharinen, Germany) ;</subfield>
         <subfield code="v">Bd. 32.</subfield>
      </datafield>
      <datafield tag="994" ind1=" " ind2=" ">
         <subfield code="a">Z0</subfield>
         <subfield code="b">ZYU</subfield>
      </datafield>
      <datafield tag="OWN" ind1=" " ind2=" ">
         <subfield code="a">GENERAL</subfield>
      </datafield>
      <datafield tag="AVA" ind1=" " ind2=" ">
         <subfield code="a">NYU50</subfield>
         <subfield code="b">NISAW</subfield>
         <subfield code="c">Small Collection</subfield>
         <subfield code="d">PA3343 .R45 2016 Non-circulating</subfield>
         <subfield code="e">available</subfield>
         <subfield code="t">Available</subfield>
         <subfield code="f">2</subfield>
         <subfield code="g">0</subfield>
         <subfield code="h">Y</subfield>
         <subfield code="i">0</subfield>
         <subfield code="j">SMALL</subfield>
         <subfield code="k">0</subfield>
      </datafield>
      <marc:datafield tag="852" ind1=" " ind2=" ">
         <marc:subfield code="b">Institute for the Study of the Ancient World, </marc:subfield>
         <marc:subfield code="c">Small Collection</marc:subfield>
         <marc:subfield code="e">15 East 84th St., </marc:subfield>
         <marc:subfield code="e">New York, NY  10028</marc:subfield>
      </marc:datafield>
   </record>